<record><header><identifier>oai:alma.41SLSP_UGE:991000036929705502</identifier><datestamp>2024-05-15T00:09:24Z</datestamp><setSpec>uge_bcen_RapidILL_BOOK</setSpec><setSpec>uge_aaca_RapidILL_BOOK</setSpec><setSpec>uge_abels_RapidILL_BOOK</setSpec><setSpec>uge_dbu_RapidILL_BOOK</setSpec><setSpec>uge_cmu_RapidILL_BOOK</setSpec><setSpec>uge_mail_RapidILL_BOOK</setSpec><setSpec>uge_abbat_RapidILL_BOOK</setSpec><setSpec>UNIGE_ALL</setSpec><setSpec>uge_acar_RapidILL_BOOK</setSpec><setSpec>uge_aobs_RapidILL_BOOK</setSpec></header><metadata>
<record xmlns="http://www.loc.gov/MARC21/slim" xmlns:xsi="http://www.w3.org/2001/XMLSchema-instance" xsi:schemaLocation="http://www.loc.gov/MARC21/slim http://www.loc.gov/standards/marcxml/schema/MARC21slim.xsd"><leader>03363nam a2200781 c 4500</leader><controlfield tag="001">991000036929705502</controlfield><controlfield tag="005">20230619203744.0</controlfield><controlfield tag="008">201012t19921992xxu||||| |||| 00| ||eng d</controlfield><datafield ind1=" " ind2=" " tag="019"><subfield code="a">Savran, David (1950-) / Library of Congress</subfield></datafield><datafield ind1=" " ind2=" " tag="020"><subfield code="a">0816621225</subfield><subfield code="q">hard</subfield></datafield><datafield ind1=" " ind2=" " tag="020"><subfield code="a">0816621233</subfield><subfield code="q">pbk.</subfield></datafield><datafield ind1=" " ind2=" " tag="035"><subfield code="a">(swissbib)239309847-41slsp_network</subfield></datafield><datafield ind1=" " ind2=" " tag="035"><subfield code="a">239309847</subfield><subfield code="9">ExL</subfield></datafield><datafield ind1=" " ind2=" " tag="035"><subfield code="a">(RERO)1778321-41slsp</subfield></datafield><datafield ind1=" " ind2=" " tag="035"><subfield code="a">(NEBIS)001265377EBI01</subfield></datafield><datafield ind1=" " ind2=" " tag="035"><subfield code="a">(IDSBB)001072239DSV01</subfield></datafield><datafield ind1=" " ind2=" " tag="035"><subfield code="a">(EXLNZ-41SLSP_NETWORK)991146214469705501</subfield></datafield><datafield ind1=" " ind2=" " tag="040"><subfield code="a">RERO geulan</subfield><subfield code="d">CH-ZuSLS</subfield></datafield><datafield ind1=" " ind2=" " tag="044"><subfield code="a">xxu</subfield><subfield code="a">xxk</subfield></datafield><datafield ind1=" " ind2="7" tag="072"><subfield code="a">an</subfield><subfield code="2">rero</subfield></datafield><datafield ind1=" " ind2="7" tag="072"><subfield code="a">le</subfield><subfield code="2">SzZuIDS BS/BE</subfield></datafield><datafield ind1="0" ind2="0" tag="082"><subfield code="a">812/.5209358</subfield><subfield code="2">20</subfield></datafield><datafield ind1="0" ind2="4" tag="082"><subfield code="a">812 .5209358</subfield><subfield code="2">20</subfield></datafield><datafield ind1=" " ind2=" " tag="084"><subfield code="a">HU 4525</subfield><subfield code="2">rvk</subfield></datafield><datafield ind1="1" ind2=" " tag="100"><subfield code="a">Savran, David</subfield><subfield code="0">(RERO)A003789554</subfield><subfield code="4">cre</subfield></datafield><datafield ind1="1" ind2="0" tag="245"><subfield code="a">Communists, cowboys, and queers</subfield><subfield code="b">the politics of masculinity in the work of Arthur Miller and Tennessee Williams</subfield><subfield code="c">David Savran</subfield></datafield><datafield ind1=" " ind2="1" tag="264"><subfield code="a">Minneapolis</subfield><subfield code="b">University of Minnesota Press</subfield><subfield code="c">[1992]</subfield></datafield><datafield ind1=" " ind2="4" tag="264"><subfield code="c">© 1992</subfield></datafield><datafield ind1=" " ind2=" " tag="300"><subfield code="a">xi, 204 p.</subfield><subfield code="c">22 cm</subfield></datafield><datafield ind1=" " ind2=" " tag="336"><subfield code="b">txt</subfield><subfield code="2">rdacontent</subfield></datafield><datafield ind1=" " ind2=" " tag="337"><subfield code="b">n</subfield><subfield code="2">rdamedia</subfield></datafield><datafield ind1=" " ind2=" " tag="338"><subfield code="b">nc</subfield><subfield code="2">rdacarrier</subfield></datafield><datafield ind1=" " ind2=" " tag="504"><subfield code="a">Includes bibliographical references (p. 175-197) and index</subfield></datafield><datafield ind1="1" ind2="7" tag="600"><subfield code="a">Miller, Arthur</subfield><subfield code="d">1915-2005</subfield><subfield code="0">(IDREF)027029832</subfield><subfield code="2">idref</subfield></datafield><datafield ind1="1" ind2="7" tag="600"><subfield code="a">Williams, Tennessee</subfield><subfield code="d">1911-1983</subfield><subfield code="0">(IDREF)027333310</subfield><subfield code="2">idref</subfield></datafield><datafield ind1="1" ind2="7" tag="600"><subfield code="a">Miller, Arthur</subfield><subfield code="d">1915-2005</subfield><subfield code="0">(DE-588)118582496</subfield><subfield code="2">gnd</subfield></datafield><datafield ind1="1" ind2="7" tag="600"><subfield code="a">Williams, Tennessee</subfield><subfield code="d">1911-1983</subfield><subfield code="0">(DE-588)118633333</subfield><subfield code="2">gnd</subfield></datafield><datafield ind1="1" ind2="0" tag="600"><subfield code="a">Miller, Arthur</subfield></datafield><datafield ind1="1" ind2="0" tag="600"><subfield code="a">Miller, Arthur</subfield><subfield code="d">1915-2005</subfield><subfield code="x">Criticism and interpretation</subfield></datafield><datafield ind1="1" ind2="0" tag="600"><subfield code="a">Miller, Arthur</subfield><subfield code="d">1915-2005</subfield><subfield code="x">Political and social v</subfield></datafield><datafield ind1="1" ind2="0" tag="600"><subfield code="a">Williams, Tennessee</subfield></datafield><datafield ind1="1" ind2="0" tag="600"><subfield code="a">Williams, Tennessee</subfield><subfield code="d">1911-1983</subfield><subfield code="x">Criticism and interpretation</subfield></datafield><datafield ind1="1" ind2="0" tag="600"><subfield code="a">Williams, Tennessee</subfield><subfield code="d">1911-1983</subfield><subfield code="x">Political and social views</subfield></datafield><datafield ind1="1" ind2="7" tag="600"><subfield code="a">Williams, Tennessee</subfield><subfield code="x">Politik und Gesellschaft</subfield><subfield code="2">idsbb</subfield></datafield><datafield ind1="1" ind2="7" tag="600"><subfield code="a">Williams, Tennessee</subfield><subfield code="x">Psychologie</subfield><subfield code="2">idsbb</subfield></datafield><datafield ind1="1" ind2="7" tag="600"><subfield code="a">Miller, Arthur</subfield><subfield code="x">Psychologie</subfield><subfield code="2">idsbb</subfield></datafield><datafield ind1="1" ind2="7" tag="600"><subfield code="a">Miller, Arthur</subfield><subfield code="x">Politik und Gesellschaft</subfield><subfield code="2">idsbb</subfield></datafield><datafield ind1=" " ind2="7" tag="650"><subfield code="a">Libéralisme</subfield><subfield code="0">(IDREF)027519163</subfield><subfield code="2">idref</subfield></datafield><datafield ind1=" " ind2="7" tag="650"><subfield code="a">Masculinité</subfield><subfield code="0">(IDREF)02741616X</subfield><subfield code="2">idref</subfield></datafield><datafield ind1=" " ind2="7" tag="650"><subfield code="a">Homosexualité</subfield><subfield code="0">(IDREF)027233944</subfield><subfield code="2">idref</subfield></datafield><datafield ind1=" " ind2="7" tag="650"><subfield code="a">politique</subfield><subfield code="0">(RERO)A010009334</subfield><subfield code="2">rerovoc</subfield></datafield><datafield ind1=" " ind2="7" tag="650"><subfield code="a">Geschlechterrolle</subfield><subfield code="0">(DE-588)4071776-8</subfield><subfield code="2">gnd</subfield></datafield><datafield ind1=" " ind2="7" tag="650"><subfield code="a">Geschlechterrolle</subfield><subfield code="0">(DE-588)4222106-7</subfield><subfield code="2">gnd</subfield></datafield><datafield ind1=" " ind2="7" tag="650"><subfield code="a">Politische Philosophie</subfield><subfield code="0">(DE-588)4076226-9</subfield><subfield code="2">gnd</subfield></datafield><datafield ind1=" " ind2="7" tag="650"><subfield code="a">Politisches Denken</subfield><subfield code="0">(DE-588)4115590-7</subfield><subfield code="2">gnd</subfield></datafield><datafield ind1=" " ind2="0" tag="650"><subfield code="a">American drama</subfield><subfield code="x">History and criticism</subfield><subfield code="y">20th century</subfield></datafield><datafield ind1=" " ind2="0" tag="650"><subfield code="a">Masculinity in literature</subfield></datafield><datafield ind1=" " ind2="0" tag="650"><subfield code="a">Men in literature</subfield></datafield><datafield ind1=" " ind2="0" tag="650"><subfield code="a">Political plays, American</subfield><subfield code="x">History and criticism</subfield></datafield><datafield ind1=" " ind2="0" tag="650"><subfield code="a">Politics and literature</subfield><subfield code="z">United States</subfield><subfield code="x">History</subfield><subfield code="y">20th century</subfield></datafield><datafield ind1=" " ind2="0" tag="650"><subfield code="a">Sex role in literature</subfield></datafield><datafield ind1=" " ind2=" " tag="690"><subfield code="a">American drama</subfield><subfield code="y">20th century</subfield><subfield code="x">History and criticism</subfield><subfield code="2">uzb-Z4</subfield></datafield><datafield ind1=" " ind2=" " tag="690"><subfield code="a">Politics and literature</subfield><subfield code="z">United States</subfield><subfield code="x">History</subfield><subfield code="y">20th century</subfield><subfield code="2">uzb-Z4</subfield></datafield><datafield ind1=" " ind2=" " tag="690"><subfield code="a">Williams, Tennessee</subfield><subfield code="d">1911-1983</subfield><subfield code="x">Political and social views</subfield><subfield code="2">uzb-Z4</subfield></datafield><datafield ind1=" " ind2=" " tag="690"><subfield code="a">Miller, Arthur</subfield><subfield code="d">1915-</subfield><subfield code="x">Political and social views</subfield><subfield code="2">uzb-Z4</subfield></datafield><datafield ind1=" " ind2=" " tag="690"><subfield code="a">Political plays, American</subfield><subfield code="x">History and criticism</subfield><subfield code="2">uzb-Z4</subfield></datafield><datafield ind1=" " ind2=" " tag="690"><subfield code="a">Masculinity (Psychology) in literature</subfield><subfield code="2">uzb-Z4</subfield></datafield><datafield ind1=" " ind2=" " tag="690"><subfield code="a">Sex role in literature</subfield><subfield code="2">uzb-Z4</subfield></datafield><datafield ind1=" " ind2=" " tag="690"><subfield code="a">Men in literature</subfield><subfield code="2">uzb-Z4</subfield></datafield></record>
</metadata></record>