<record><header><identifier>oai:alma.41SLSP_UGE:991000036409705502</identifier><datestamp>2023-03-01T01:08:53Z</datestamp><setSpec>uge_bcen_RapidILL_BOOK</setSpec><setSpec>uge_aaca_RapidILL_BOOK</setSpec><setSpec>uge_abels_RapidILL_BOOK</setSpec><setSpec>uge_dbu_RapidILL_BOOK</setSpec><setSpec>uge_cmu_RapidILL_BOOK</setSpec><setSpec>uge_mail_RapidILL_BOOK</setSpec><setSpec>UNIGE_ALL</setSpec><setSpec>uge_abbat_RapidILL_BOOK</setSpec><setSpec>uge_aobs_RapidILL_BOOK</setSpec><setSpec>uge_acar_RapidILL_BOOK</setSpec></header><metadata>
<record xmlns="http://www.loc.gov/MARC21/slim" xmlns:xsi="http://www.w3.org/2001/XMLSchema-instance" xsi:schemaLocation="http://www.loc.gov/MARC21/slim http://www.loc.gov/standards/marcxml/schema/MARC21slim.xsd"><leader>01186nam a2200325 c 4500</leader><controlfield tag="001">991000036409705502</controlfield><controlfield tag="005">20201230210405.0</controlfield><controlfield tag="008">201011s1993    fr ||||| |||| 00| ||fre d</controlfield><datafield ind1=" " ind2=" " tag="020"><subfield code="a">2225840431</subfield></datafield><datafield ind1="7" ind2=" " tag="024"><subfield code="a">http://catalogue.bnf.fr/ark:/12148/cb35552164z</subfield><subfield code="2">uri</subfield></datafield><datafield ind1=" " ind2=" " tag="035"><subfield code="a">(swissbib)222300515-41slsp_network</subfield></datafield><datafield ind1=" " ind2=" " tag="035"><subfield code="a">222300515</subfield><subfield code="9">ExL</subfield></datafield><datafield ind1=" " ind2=" " tag="035"><subfield code="a">(RERO)2218903-41slsp</subfield></datafield><datafield ind1=" " ind2=" " tag="035"><subfield code="a">(NEBIS)005288717EBI01</subfield></datafield><datafield ind1=" " ind2=" " tag="035"><subfield code="a">(EXLNZ-41SLSP_NETWORK)991032578219705501</subfield></datafield><datafield ind1=" " ind2=" " tag="040"><subfield code="a">RERO geucui</subfield><subfield code="d">CH-ZuSLS</subfield></datafield><datafield ind1=" " ind2="7" tag="072"><subfield code="a">in</subfield><subfield code="2">rero</subfield></datafield><datafield ind1="1" ind2=" " tag="100"><subfield code="a">Gabay, Joseph</subfield><subfield code="0">(IDREF)029730481</subfield><subfield code="4">cre</subfield></datafield><datafield ind1="1" ind2="0" tag="245"><subfield code="a">Apprendre et pratiquer MERISE</subfield><subfield code="c">Joseph Gabay</subfield></datafield><datafield ind1=" " ind2=" " tag="250"><subfield code="a">2e éd.</subfield></datafield><datafield ind1=" " ind2="1" tag="264"><subfield code="a">Paris [etc.]</subfield><subfield code="b">Masson</subfield><subfield code="c">1993</subfield></datafield><datafield ind1=" " ind2=" " tag="300"><subfield code="a">242 p.</subfield><subfield code="b">ill.</subfield><subfield code="c">24 cm</subfield></datafield><datafield ind1=" " ind2=" " tag="336"><subfield code="b">txt</subfield><subfield code="2">rdacontent</subfield></datafield><datafield ind1=" " ind2=" " tag="337"><subfield code="b">n</subfield><subfield code="2">rdamedia</subfield></datafield><datafield ind1=" " ind2=" " tag="338"><subfield code="b">nc</subfield><subfield code="2">rdacarrier</subfield></datafield><datafield ind1="1" ind2=" " tag="490"><subfield code="a">Méthodes informatiques et pratique des systèmes</subfield></datafield><datafield ind1=" " ind2="7" tag="650"><subfield code="a">Merise (méthode d'analyse)</subfield><subfield code="0">(RERO)A010116271</subfield><subfield code="2">rerovoc</subfield></datafield><datafield ind1=" " ind2="7" tag="650"><subfield code="a">INFORMATIONSSYSTEME (INFORMATIK)</subfield><subfield code="9">ger</subfield><subfield code="0">(ETHUDK)000013729</subfield><subfield code="2">ethudk</subfield></datafield><datafield ind1=" " ind2="7" tag="650"><subfield code="a">SPEZIFIKATIONEN (SOFTWARE ENGINEERING)</subfield><subfield code="9">ger</subfield><subfield code="0">(ETHUDK)000013698</subfield><subfield code="2">ethudk</subfield></datafield><datafield ind1=" " ind2=" " tag="830"><subfield code="a">Méthodes informatiques et pratique des systèmes</subfield><subfield code="w">(RERO)0434753-41slsp</subfield></datafield><datafield ind1=" " ind2=" " tag="900"><subfield code="a">REROnoselfmerge</subfield></datafield></record>
</metadata></record>