<record><header><identifier>oai:alma.41SLSP_UGE:991000036399705502</identifier><datestamp>2023-03-01T01:08:53Z</datestamp><setSpec>uge_bcen_RapidILL_BOOK</setSpec><setSpec>uge_aaca_RapidILL_BOOK</setSpec><setSpec>uge_abels_RapidILL_BOOK</setSpec><setSpec>uge_dbu_RapidILL_BOOK</setSpec><setSpec>uge_cmu_RapidILL_BOOK</setSpec><setSpec>uge_mail_RapidILL_BOOK</setSpec><setSpec>UNIGE_ALL</setSpec><setSpec>uge_abbat_RapidILL_BOOK</setSpec><setSpec>uge_aobs_RapidILL_BOOK</setSpec><setSpec>uge_acar_RapidILL_BOOK</setSpec></header><metadata>
<record xmlns="http://www.loc.gov/MARC21/slim" xmlns:xsi="http://www.w3.org/2001/XMLSchema-instance" xsi:schemaLocation="http://www.loc.gov/MARC21/slim http://www.loc.gov/standards/marcxml/schema/MARC21slim.xsd"><leader>01684nam a2200493 c 4500</leader><controlfield tag="001">991000036399705502</controlfield><controlfield tag="005">20230207222003.0</controlfield><controlfield tag="008">201011s1974    au ||||| |||| 00| ||eng d</controlfield><datafield ind1=" " ind2=" " tag="010"><subfield code="a">73080988</subfield></datafield><datafield ind1=" " ind2=" " tag="020"><subfield code="a">3211811605</subfield><subfield code="q">Wien, New York</subfield></datafield><datafield ind1=" " ind2=" " tag="020"><subfield code="a">0387811605</subfield><subfield code="q">Springer, New York</subfield></datafield><datafield ind1=" " ind2=" " tag="035"><subfield code="a">(swissbib)21298487X-41slsp_network</subfield></datafield><datafield ind1=" " ind2=" " tag="035"><subfield code="a">21298487X</subfield><subfield code="9">ExL</subfield></datafield><datafield ind1=" " ind2=" " tag="035"><subfield code="a">(RERO)0124563-41slsp</subfield></datafield><datafield ind1=" " ind2=" " tag="035"><subfield code="a">(IDSBB)000556038DSV01</subfield></datafield><datafield ind1=" " ind2=" " tag="035"><subfield code="a">(NEBIS)001613830EBI01</subfield></datafield><datafield ind1=" " ind2=" " tag="035"><subfield code="a">(EXLNZ-41SLSP_NETWORK)991086207529705501</subfield></datafield><datafield ind1=" " ind2=" " tag="040"><subfield code="a">RERO</subfield><subfield code="d">CH-ZuSLS</subfield></datafield><datafield ind1="1" ind2=" " tag="041"><subfield code="a">eng</subfield><subfield code="h">ger</subfield></datafield><datafield ind1=" " ind2=" " tag="044"><subfield code="a">au</subfield><subfield code="a">xxu</subfield></datafield><datafield ind1=" " ind2="7" tag="072"><subfield code="a">ph</subfield><subfield code="2">rero</subfield></datafield><datafield ind1=" " ind2="7" tag="072"><subfield code="a">ph</subfield><subfield code="2">SzZuIDS BS/BE</subfield></datafield><datafield ind1="0" ind2="4" tag="082"><subfield code="a">121</subfield></datafield><datafield ind1="1" ind2="4" tag="082"><subfield code="a">121</subfield><subfield code="2">22</subfield></datafield><datafield ind1="1" ind2="4" tag="082"><subfield code="a">193</subfield><subfield code="2">22</subfield></datafield><datafield ind1="1" ind2=" " tag="100"><subfield code="a">Schlick, Moritz</subfield><subfield code="d">1882-1936</subfield><subfield code="0">(DE-588)118608193</subfield><subfield code="6">880-01</subfield></datafield><datafield ind1="1" ind2=" " tag="880"><subfield code="a">Schlick, Moritz</subfield><subfield code="0">(RERO)A003798312</subfield><subfield code="4">cre</subfield><subfield code="6">100-01</subfield></datafield><datafield ind1="1" ind2="0" tag="245"><subfield code="a">General theory of knowledge</subfield><subfield code="c">Moritz Schlick ; transl. by Albert E. Blumberg ; with an introd. by A. E. Blumberg and H. Feigl</subfield></datafield><datafield ind1="1" ind2=" " tag="246"><subfield code="a">Allgemeine Erkenntnislehre</subfield></datafield><datafield ind1=" " ind2="1" tag="264"><subfield code="a">Wien</subfield><subfield code="a">New York</subfield><subfield code="b">Springer</subfield><subfield code="c">1974</subfield></datafield><datafield ind1=" " ind2=" " tag="300"><subfield code="a">XXVI, 410 p.</subfield><subfield code="c">24 cm</subfield></datafield><datafield ind1=" " ind2=" " tag="336"><subfield code="b">txt</subfield><subfield code="2">rdacontent</subfield></datafield><datafield ind1=" " ind2=" " tag="337"><subfield code="b">n</subfield><subfield code="2">rdamedia</subfield></datafield><datafield ind1=" " ind2=" " tag="338"><subfield code="b">nc</subfield><subfield code="2">rdacarrier</subfield></datafield><datafield ind1="1" ind2=" " tag="490"><subfield code="a">Library of exact philosophy</subfield><subfield code="v">11</subfield></datafield><datafield ind1=" " ind2=" " tag="500"><subfield code="a">Originaltitel: Allgemeine Erkenntnislehre</subfield></datafield><datafield ind1=" " ind2="7" tag="650"><subfield code="a">Épistémologie</subfield><subfield code="0">(IDREF)027257606</subfield><subfield code="2">idref</subfield></datafield><datafield ind1=" " ind2="4" tag="650"><subfield code="a">Erkenntnistheorie</subfield></datafield><datafield ind1=" " ind2="7" tag="650"><subfield code="a">Erkenntnistheorie</subfield><subfield code="0">(DE-588)4070914-0</subfield><subfield code="2">gnd</subfield></datafield><datafield ind1=" " ind2="0" tag="650"><subfield code="a">Knowledge, Theory of</subfield></datafield><datafield ind1="1" ind2=" " tag="700"><subfield code="a">Feigl, H</subfield><subfield code="0">(RERO)A003236030</subfield></datafield><datafield ind1="1" ind2=" " tag="700"><subfield code="a">Blumberg, Albert E</subfield><subfield code="0">(RERO)A003015590</subfield></datafield><datafield ind1=" " ind2=" " tag="830"><subfield code="a">Library of exact philosophy</subfield><subfield code="v">11</subfield><subfield code="w">(IDSBB)000010548DSV01</subfield></datafield><datafield ind1=" " ind2=" " tag="900"><subfield code="a">REROnoselfmerge</subfield></datafield><datafield ind1=" " ind2=" " tag="900"><subfield code="a">IDSZRMedeaZBZ</subfield><subfield code="b">IDSZRSWK</subfield></datafield></record>
</metadata></record>