<record><header><identifier>oai:alma.41SLSP_UGE:991000036819705502</identifier><datestamp>2024-01-14T08:58:48Z</datestamp><setSpec>uge_bcen_RapidILL_BOOK</setSpec><setSpec>uge_aaca_RapidILL_BOOK</setSpec><setSpec>uge_abels_RapidILL_BOOK</setSpec><setSpec>uge_dbu_RapidILL_BOOK</setSpec><setSpec>uge_cmu_RapidILL_BOOK</setSpec><setSpec>uge_mail_RapidILL_BOOK</setSpec><setSpec>uge_abbat_RapidILL_BOOK</setSpec><setSpec>UNIGE_ALL</setSpec><setSpec>uge_acar_RapidILL_BOOK</setSpec><setSpec>uge_aobs_RapidILL_BOOK</setSpec></header><metadata>
<record xmlns="http://www.loc.gov/MARC21/slim" xmlns:xsi="http://www.w3.org/2001/XMLSchema-instance" xsi:schemaLocation="http://www.loc.gov/MARC21/slim http://www.loc.gov/standards/marcxml/schema/MARC21slim.xsd"><leader>01326nam a2200253 c 4500</leader><controlfield tag="001">991000036819705502</controlfield><controlfield tag="005">20201222232540.0</controlfield><controlfield tag="008">890606s1980    fr ||||| |||| 00| ||fre d</controlfield><datafield ind1=" " ind2=" " tag="035"><subfield code="a">(swissbib)083811087-41slsp_network</subfield></datafield><datafield ind1=" " ind2=" " tag="035"><subfield code="a">083811087</subfield><subfield code="9">ExL</subfield></datafield><datafield ind1=" " ind2=" " tag="035"><subfield code="a">(RERO)1119319-41slsp</subfield></datafield><datafield ind1=" " ind2=" " tag="035"><subfield code="a">(EXLNZ-41SLSP_NETWORK)991155335129705501</subfield></datafield><datafield ind1=" " ind2=" " tag="040"><subfield code="a">RERO lausst</subfield><subfield code="d">CH-ZuSLS</subfield></datafield><datafield ind1=" " ind2="7" tag="072"><subfield code="a">st</subfield><subfield code="2">rero</subfield></datafield><datafield ind1="1" ind2=" " tag="100"><subfield code="a">Arnaud-Vanneau, Annie</subfield><subfield code="c">géologue</subfield><subfield code="d">1941-....</subfield><subfield code="0">(IDREF)034137920</subfield><subfield code="4">cre</subfield></datafield><datafield ind1="1" ind2="0" tag="245"><subfield code="a">Micropaléontologie, paléoécologie et sédimentologie d'une plate-forme carbonatée de la marge passive de la Téthys</subfield><subfield code="b">l'Urgonien du Vercors septentrional et de la Chartreuse (Alpes occidentales)</subfield><subfield code="c">Annie Arnaud-Vanneau.</subfield><subfield code="n">Vol. 3</subfield><subfield code="p">Atlas des microfaciès et de la microfaune de la plate-forme urgonienne entre la Chartreuse et le Dévoluy</subfield></datafield><datafield ind1=" " ind2="1" tag="264"><subfield code="a">Grenoble</subfield><subfield code="b">Laboratoire de géologie de l'Université de Grenoble</subfield><subfield code="c">1980</subfield></datafield><datafield ind1=" " ind2=" " tag="300"><subfield code="a">19 p., 115 p. de pl.</subfield><subfield code="b">ill.</subfield><subfield code="c">30 cm</subfield></datafield><datafield ind1=" " ind2=" " tag="336"><subfield code="b">txt</subfield><subfield code="2">rdacontent</subfield></datafield><datafield ind1=" " ind2=" " tag="337"><subfield code="b">n</subfield><subfield code="2">rdamedia</subfield></datafield><datafield ind1=" " ind2=" " tag="338"><subfield code="b">nc</subfield><subfield code="2">rdacarrier</subfield></datafield><datafield ind1=" " ind2=" " tag="500"><subfield code="a">Une partie par A. Arnaud-Vanneau et une partie par H. Arnaud</subfield></datafield><datafield ind1="1" ind2=" " tag="700"><subfield code="a">Arnaud, Hubert</subfield><subfield code="c">géologue</subfield><subfield code="d">1939-....</subfield><subfield code="0">(IDREF)026690969</subfield></datafield><datafield ind1="1" ind2=" " tag="800"><subfield code="a">Arnaud-Vanneau, Annie</subfield><subfield code="t">Micropaléontologie, paléoécologie et sédimentologie d'une plate-forme carbonatée de la marge passive de la Téthys</subfield><subfield code="v">3</subfield><subfield code="w">(RERO)1119232-41slsp</subfield></datafield><datafield ind1=" " ind2=" " tag="900"><subfield code="a">REROnoselfmerge</subfield></datafield></record>
</metadata></record>