<record><header><identifier>oai:alma.41SLSP_UGE:991000036629705502</identifier><datestamp>2023-04-10T00:46:48Z</datestamp><setSpec>uge_bcen_RapidILL_BOOK</setSpec><setSpec>uge_aaca_RapidILL_BOOK</setSpec><setSpec>uge_abels_RapidILL_BOOK</setSpec><setSpec>uge_dbu_RapidILL_BOOK</setSpec><setSpec>uge_cmu_RapidILL_BOOK</setSpec><setSpec>uge_mail_RapidILL_BOOK</setSpec><setSpec>uge_abbat_RapidILL_BOOK</setSpec><setSpec>UNIGE_ALL</setSpec><setSpec>uge_aobs_RapidILL_BOOK</setSpec><setSpec>uge_acar_RapidILL_BOOK</setSpec></header><metadata>
<record xmlns="http://www.loc.gov/MARC21/slim" xmlns:xsi="http://www.w3.org/2001/XMLSchema-instance" xsi:schemaLocation="http://www.loc.gov/MARC21/slim http://www.loc.gov/standards/marcxml/schema/MARC21slim.xsd"><leader>01283nam a2200337 c 4500</leader><controlfield tag="001">991000036629705502</controlfield><controlfield tag="005">20230409183037.0</controlfield><controlfield tag="008">050128s2004    gw ||||| |||| 00| ||ger d</controlfield><datafield ind1=" " ind2=" " tag="020"><subfield code="a">3825505227</subfield></datafield><datafield ind1=" " ind2=" " tag="035"><subfield code="a">(swissbib)101516657-41slsp_network</subfield></datafield><datafield ind1=" " ind2=" " tag="035"><subfield code="a">101516657</subfield><subfield code="9">ExL</subfield></datafield><datafield ind1=" " ind2=" " tag="035"><subfield code="a">(RERO)R003780549-41slsp</subfield></datafield><datafield ind1=" " ind2=" " tag="035"><subfield code="a">(EXLNZ-41SLSP_NETWORK)991151590809705501</subfield></datafield><datafield ind1=" " ind2=" " tag="040"><subfield code="a">RERO geubfd</subfield><subfield code="d">CH-ZuSLS</subfield></datafield><datafield ind1=" " ind2="7" tag="072"><subfield code="a">dr</subfield><subfield code="2">rero</subfield></datafield><datafield ind1=" " ind2=" " tag="084"><subfield code="a">A 98 h</subfield><subfield code="2">cjurrom</subfield></datafield><datafield ind1=" " ind2=" " tag="084"><subfield code="a">D 19 h</subfield><subfield code="2">cjurrom</subfield></datafield><datafield ind1="1" ind2=" " tag="100"><subfield code="a">Eicker, Andreas</subfield><subfield code="d">1972-....</subfield><subfield code="0">(IDREF)112205704</subfield><subfield code="4">cre</subfield></datafield><datafield ind1="1" ind2="0" tag="245"><subfield code="a">Transstaatliche Strafverfolgung</subfield><subfield code="b">ein Beitrag zur Europäisierung, Internationalisierung und Fortentwicklung des Grundsatzes ne bis in idem</subfield><subfield code="c">Andreas Eicker</subfield></datafield><datafield ind1=" " ind2="1" tag="264"><subfield code="a">Herbolzheim</subfield><subfield code="b">Centaurus</subfield><subfield code="c">2004</subfield></datafield><datafield ind1=" " ind2=" " tag="300"><subfield code="a">XXXI, 295 p.</subfield><subfield code="c">21 cm</subfield></datafield><datafield ind1=" " ind2=" " tag="336"><subfield code="b">txt</subfield><subfield code="2">rdacontent</subfield></datafield><datafield ind1=" " ind2=" " tag="337"><subfield code="b">n</subfield><subfield code="2">rdamedia</subfield></datafield><datafield ind1=" " ind2=" " tag="338"><subfield code="b">nc</subfield><subfield code="2">rdacarrier</subfield></datafield><datafield ind1="1" ind2=" " tag="490"><subfield code="a">Reihe Rechtswissenschaft</subfield><subfield code="v">Bd. 202</subfield></datafield><datafield ind1=" " ind2=" " tag="500"><subfield code="a">Ed. commerciale de la thèse de St. Gallen, 2004</subfield></datafield><datafield ind1=" " ind2=" " tag="504"><subfield code="a">Bibliogr.</subfield></datafield><datafield ind1=" " ind2="7" tag="650"><subfield code="a">poursuite pénale</subfield><subfield code="0">(RERO)A009999030</subfield><subfield code="2">rerovoc</subfield></datafield><datafield ind1=" " ind2="7" tag="650"><subfield code="a">Droit pénal international</subfield><subfield code="0">(IDREF)031019706</subfield><subfield code="2">idref</subfield></datafield><datafield ind1=" " ind2="7" tag="650"><subfield code="a">Chose jugée au pénal</subfield><subfield code="0">(IDREF)029638674</subfield><subfield code="2">idref</subfield></datafield><datafield ind1=" " ind2="0" tag="830"><subfield code="a">Rechtswissenschaft</subfield><subfield code="p">Centaurus-Verlagsgesellschaft</subfield><subfield code="v">202</subfield><subfield code="w">(RERO)0613474-41slsp</subfield></datafield><datafield ind1=" " ind2=" " tag="900"><subfield code="a">REROnoselfmerge</subfield></datafield></record>
</metadata></record>