<record><header><identifier>oai:alma.41SLSP_UGE:991000036109705502</identifier><datestamp>2024-07-25T00:10:32Z</datestamp><setSpec>uge_bcen_RapidILL_BOOK</setSpec><setSpec>uge_aaca_RapidILL_BOOK</setSpec><setSpec>uge_abels_RapidILL_BOOK</setSpec><setSpec>uge_dbu_RapidILL_BOOK</setSpec><setSpec>uge_cmu_RapidILL_BOOK</setSpec><setSpec>uge_mail_RapidILL_BOOK</setSpec><setSpec>uge_abbat_RapidILL_BOOK</setSpec><setSpec>UNIGE_ALL</setSpec><setSpec>uge_aobs_RapidILL_BOOK</setSpec><setSpec>uge_acar_RapidILL_BOOK</setSpec></header><metadata>
<record xmlns="http://www.loc.gov/MARC21/slim" xmlns:xsi="http://www.w3.org/2001/XMLSchema-instance" xsi:schemaLocation="http://www.loc.gov/MARC21/slim http://www.loc.gov/standards/marcxml/schema/MARC21slim.xsd"><leader>02054nam a2200481 c 4500</leader><controlfield tag="001">991000036109705502</controlfield><controlfield tag="005">20240724085414.0</controlfield><controlfield tag="008">090409s2009    sz ||||| |||| 00| ||fre d</controlfield><datafield ind1=" " ind2=" " tag="020"><subfield code="a">9782225846090</subfield><subfield code="q">broché</subfield></datafield><datafield ind1="7" ind2=" " tag="024"><subfield code="a">http://catalogue.bnf.fr/ark:/12148/cb35735580z</subfield><subfield code="2">uri</subfield></datafield><datafield ind1=" " ind2=" " tag="035"><subfield code="a">(swissbib)107918463-41slsp_network</subfield></datafield><datafield ind1=" " ind2=" " tag="035"><subfield code="a">107918463</subfield><subfield code="9">ExL</subfield></datafield><datafield ind1=" " ind2=" " tag="035"><subfield code="a">(RERO)R005031626-41slsp</subfield></datafield><datafield ind1=" " ind2=" " tag="035"><subfield code="a">(EXLNZ-41SLSP_NETWORK)991051742309705501</subfield></datafield><datafield ind1=" " ind2=" " tag="040"><subfield code="a">RERO nearcn</subfield><subfield code="b">fre</subfield><subfield code="d">CH-ZuSLS</subfield></datafield><datafield ind1="1" ind2=" " tag="041"><subfield code="a">fre</subfield><subfield code="h">eng</subfield></datafield><datafield ind1=" " ind2=" " tag="044"><subfield code="a">sz</subfield><subfield code="c">ch-ge</subfield></datafield><datafield ind1="1" ind2=" " tag="080"><subfield code="a">616.89</subfield></datafield><datafield ind1="1" ind2=" " tag="080"><subfield code="a">616.89-008</subfield></datafield><datafield ind1="7" ind2="4" tag="082"><subfield code="a">610</subfield><subfield code="2">23sdnb</subfield></datafield><datafield ind1="7" ind2="4" tag="082"><subfield code="a">150</subfield><subfield code="2">23sdnb</subfield></datafield><datafield ind1="0" ind2="0" tag="240"><subfield code="a">&lt;&lt;The&gt;&gt; ICD-10 classification of mental and behavioural disorders</subfield></datafield><datafield ind1="0" ind2="0" tag="245"><subfield code="a">Troubles mentaux et troubles du comportement</subfield><subfield code="b">critères diagnostiques pour la recherche : [CDR-10]</subfield><subfield code="c">traduction de l'anglais coordonnée par C.B. Pull</subfield></datafield><datafield ind1="1" ind2=" " tag="246"><subfield code="a">Classification internationale des troubles mentaux et des troubles du comportement</subfield></datafield><datafield ind1="1" ind2=" " tag="246"><subfield code="a">CIM-10/ICD-10</subfield></datafield><datafield ind1="1" ind2=" " tag="246"><subfield code="a">CDR-10</subfield></datafield><datafield ind1=" " ind2="1" tag="264"><subfield code="a">Genève</subfield><subfield code="b">OMS</subfield><subfield code="a">Paris</subfield><subfield code="b">Masson</subfield><subfield code="c">2009</subfield></datafield><datafield ind1=" " ind2=" " tag="300"><subfield code="a">226 pages</subfield></datafield><datafield ind1=" " ind2=" " tag="336"><subfield code="b">txt</subfield><subfield code="2">rdacontent</subfield></datafield><datafield ind1=" " ind2=" " tag="337"><subfield code="b">n</subfield><subfield code="2">rdamedia</subfield></datafield><datafield ind1=" " ind2=" " tag="338"><subfield code="b">nc</subfield><subfield code="2">rdacarrier</subfield></datafield><datafield ind1="1" ind2=" " tag="490"><subfield code="a">Classification internationale des maladies : dixième révision</subfield><subfield code="v">chapitre 5(F)</subfield></datafield><datafield ind1=" " ind2=" " tag="504"><subfield code="a">Index</subfield></datafield><datafield ind1=" " ind2=" " tag="500"><subfield code="a">La couv. porte: &quot;Classification internationale des troubles mentaux et des troubles du comportement&quot; et &quot;CIM-10/ICD-10&quot;</subfield></datafield><datafield ind1=" " ind2="7" tag="650"><subfield code="a">Classification</subfield><subfield code="0">(IDREF)02722337X</subfield><subfield code="2">idref</subfield></datafield><datafield ind1=" " ind2="7" tag="650"><subfield code="a">nosologie psychiatrique</subfield><subfield code="0">(RERO)A010014331</subfield><subfield code="2">rerovoc</subfield></datafield><datafield ind1=" " ind2="7" tag="650"><subfield code="a">Psychodiagnostics</subfield><subfield code="0">(IDREF)027872718</subfield><subfield code="2">idref</subfield></datafield><datafield ind1=" " ind2="7" tag="650"><subfield code="a">Maladies mentales</subfield><subfield code="0">(IDREF)027362124</subfield><subfield code="2">idref</subfield></datafield><datafield ind1=" " ind2="7" tag="650"><subfield code="a">Troubles du comportement</subfield><subfield code="0">(IDREF)034237410</subfield><subfield code="2">idref</subfield></datafield><datafield ind1=" " ind2="7" tag="655"><subfield code="a">Manuels d'enseignement</subfield><subfield code="0">(IDREF)027446514</subfield><subfield code="2">idref</subfield></datafield><datafield ind1="1" ind2=" " tag="700"><subfield code="a">Pull, Charles-Bernard</subfield><subfield code="c">psychiatre, psychothérapeute</subfield><subfield code="d">1944-....</subfield><subfield code="0">(IDREF)102189250</subfield><subfield code="4">trl</subfield></datafield><datafield ind1="2" ind2=" " tag="710"><subfield code="a">Organisation mondiale de la santé</subfield><subfield code="0">(IDREF)026438496</subfield><subfield code="4">aut</subfield></datafield><datafield ind1=" " ind2="0" tag="830"><subfield code="a">Classification internationale des maladies</subfield><subfield code="v">5,F</subfield><subfield code="w">(RERO)1660234-41slsp</subfield></datafield><datafield ind1=" " ind2=" " tag="900"><subfield code="a">REROnoselfmerge</subfield></datafield></record>
</metadata></record>