<record><header><identifier>oai:alma.41SLSP_UGE:991000035899705502</identifier><datestamp>2024-10-17T00:10:25Z</datestamp><setSpec>uge_bcen_RapidILL_BOOK</setSpec><setSpec>uge_aaca_RapidILL_BOOK</setSpec><setSpec>uge_abels_RapidILL_BOOK</setSpec><setSpec>uge_dbu_RapidILL_BOOK</setSpec><setSpec>uge_cmu_RapidILL_BOOK</setSpec><setSpec>uge_mail_RapidILL_BOOK</setSpec><setSpec>uge_abbat_RapidILL_BOOK</setSpec><setSpec>UNIGE_ALL</setSpec><setSpec>uge_aobs_RapidILL_BOOK</setSpec><setSpec>uge_acar_RapidILL_BOOK</setSpec></header><metadata>
<record xmlns="http://www.loc.gov/MARC21/slim" xmlns:xsi="http://www.w3.org/2001/XMLSchema-instance" xsi:schemaLocation="http://www.loc.gov/MARC21/slim http://www.loc.gov/standards/marcxml/schema/MARC21slim.xsd"><leader>02646nam a2200661 ca4500</leader><controlfield tag="001">991000035899705502</controlfield><controlfield tag="005">20241016193957.0</controlfield><controlfield tag="008">201011s2003    gw ||||| |||| 00| ||ger d</controlfield><datafield ind1=" " ind2=" " tag="020"><subfield code="a">3100483340</subfield><subfield code="c">(Textband)</subfield></datafield><datafield ind1=" " ind2=" " tag="020"><subfield code="a">3100483359</subfield><subfield code="c">(Kommentar)</subfield></datafield><datafield ind1="7" ind2=" " tag="024"><subfield code="a">http://catalogue.bnf.fr/ark:/12148/cb39190439s</subfield><subfield code="2">uri</subfield></datafield><datafield ind1=" " ind2=" " tag="035"><subfield code="a">(swissbib)22079605X-41slsp_network</subfield></datafield><datafield ind1=" " ind2=" " tag="035"><subfield code="a">22079605X</subfield><subfield code="9">ExL</subfield></datafield><datafield ind1=" " ind2=" " tag="035"><subfield code="a">(RERO)R003566467-41slsp</subfield></datafield><datafield ind1=" " ind2=" " tag="035"><subfield code="a">(IDSLU)000753280ILU01</subfield></datafield><datafield ind1=" " ind2=" " tag="035"><subfield code="a">(IDSBB)003098897DSV01</subfield></datafield><datafield ind1=" " ind2=" " tag="035"><subfield code="a">(NEBIS)004672145EBI01</subfield></datafield><datafield ind1=" " ind2=" " tag="035"><subfield code="a">(ABN)000125508ABN01</subfield></datafield><datafield ind1=" " ind2=" " tag="035"><subfield code="a">(EXLNZ-41SLSP_NETWORK)991142255199705501</subfield></datafield><datafield ind1=" " ind2=" " tag="040"><subfield code="a">RERO labcud</subfield><subfield code="d">CH-ZuSLS</subfield></datafield><datafield ind1=" " ind2="7" tag="072"><subfield code="a">al</subfield><subfield code="2">rero</subfield></datafield><datafield ind1=" " ind2="7" tag="072"><subfield code="a">592</subfield><subfield code="2">IDS LU</subfield></datafield><datafield ind1=" " ind2="7" tag="072"><subfield code="a">nd</subfield><subfield code="2">SzZuIDS BS/BE</subfield></datafield><datafield ind1="0" ind2="4" tag="082"><subfield code="a">833.912</subfield><subfield code="2">22</subfield></datafield><datafield ind1="1" ind2="4" tag="082"><subfield code="a">833.91</subfield><subfield code="2">22</subfield></datafield><datafield ind1="1" ind2="4" tag="082"><subfield code="a">833.912</subfield><subfield code="2">22</subfield></datafield><datafield ind1="1" ind2="4" tag="082"><subfield code="a">830</subfield><subfield code="2">15</subfield></datafield><datafield ind1=" " ind2=" " tag="084"><subfield code="a">GM 4777</subfield><subfield code="2">rvk</subfield></datafield><datafield ind1="1" ind2=" " tag="100"><subfield code="6">880-01</subfield><subfield code="a">Mann, Thomas</subfield><subfield code="d">1875-1955</subfield><subfield code="0">(IDREF)027006190</subfield><subfield code="4">aut</subfield></datafield><datafield ind1="1" ind2=" " tag="880"><subfield code="a">Mann, Thomas</subfield><subfield code="d">1875-1955</subfield><subfield code="0">(DE-588)118577166</subfield><subfield code="6">100-01</subfield></datafield><datafield ind1="1" ind2="0" tag="245"><subfield code="a">Lotte in Weimar</subfield><subfield code="b">Roman</subfield><subfield code="c">Thomas Mann</subfield></datafield><datafield ind1=" " ind2="1" tag="264"><subfield code="a">Frankfurt a.M.</subfield><subfield code="b">S. Fischer Verlag</subfield><subfield code="c">[2003]</subfield></datafield><datafield ind1=" " ind2="4" tag="264"><subfield code="c">© 2003</subfield></datafield><datafield ind1=" " ind2=" " tag="300"><subfield code="a">2 Bd. (450 S. ; 948 S.)</subfield><subfield code="c">21 cm</subfield></datafield><datafield ind1=" " ind2=" " tag="336"><subfield code="b">txt</subfield><subfield code="2">rdacontent</subfield></datafield><datafield ind1=" " ind2=" " tag="337"><subfield code="b">n</subfield><subfield code="2">rdamedia</subfield></datafield><datafield ind1=" " ind2=" " tag="338"><subfield code="b">nc</subfield><subfield code="2">rdacarrier</subfield></datafield><datafield ind1="1" ind2=" " tag="490"><subfield code="a">Grosse kommentierte Frankfurter Ausgabe : Werke, Briefe, Tagebücher / Thomas Mann</subfield><subfield code="v">Bd. 9</subfield></datafield><datafield ind1="0" ind2=" " tag="505"><subfield code="a">1: Roman / hrsg. und textkritisch durchgesehen von Werner Frizen. - 450 p.</subfield></datafield><datafield ind1="0" ind2=" " tag="505"><subfield code="a">2: Kommentar / von Werner Frizen. - 948 p.</subfield></datafield><datafield ind1="1" ind2="7" tag="600"><subfield code="a">Buff, Charlotte</subfield><subfield code="d">1753-1828</subfield><subfield code="0">(DE-588)118638076</subfield><subfield code="2">gnd</subfield></datafield><datafield ind1="1" ind2="7" tag="600"><subfield code="a">Goethe, Johann Wolfgang &lt;&lt;von&gt;&gt;</subfield><subfield code="d">1749-1832</subfield><subfield code="0">(DE-588)118540238</subfield><subfield code="2">gnd</subfield></datafield><datafield ind1="1" ind2="7" tag="600"><subfield code="a">Mann, Thomas</subfield><subfield code="d">1875-1955</subfield><subfield code="t">Lotte in Weimar</subfield><subfield code="0">(DE-588)4306270-2</subfield><subfield code="2">gnd</subfield></datafield><datafield ind1="1" ind2="0" tag="600"><subfield code="a">Goethe, Johann Wolfgang von</subfield><subfield code="d">1749-1832</subfield><subfield code="v">Fiction</subfield></datafield><datafield ind1="1" ind2="0" tag="600"><subfield code="a">Kestner, Charlotte Buff</subfield><subfield code="d">1753-1828</subfield><subfield code="v">Fiction</subfield></datafield><datafield ind1="1" ind2="0" tag="600"><subfield code="a">Mann, Thomas</subfield><subfield code="d">1875-1955</subfield><subfield code="t">Lotte in Weimar</subfield></datafield><datafield ind1="1" ind2="0" tag="600"><subfield code="a">Mann, Thomas</subfield><subfield code="d">1875-1955</subfield><subfield code="x">Criticism and interpretation</subfield></datafield><datafield ind1=" " ind2="7" tag="650"><subfield code="a">Roman</subfield><subfield code="0">(DE-588)4050479-7</subfield><subfield code="2">gnd</subfield></datafield><datafield ind1=" " ind2="7" tag="650"><subfield code="a">Deutsch</subfield><subfield code="0">(DE-588)4113292-0</subfield><subfield code="2">gnd</subfield></datafield><datafield ind1=" " ind2="7" tag="655"><subfield code="a">Text</subfield><subfield code="2">gnd</subfield></datafield><datafield ind1=" " ind2="7" tag="655"><subfield code="a">Ausgabe</subfield><subfield code="2">idszbz</subfield></datafield><datafield ind1="1" ind2=" " tag="700"><subfield code="a">Frizen, Werner</subfield><subfield code="d">1950-</subfield><subfield code="0">(DE-588)108933334</subfield><subfield code="6">880-02</subfield></datafield><datafield ind1="1" ind2=" " tag="880"><subfield code="a">Frizen, Werner</subfield><subfield code="0">(RERO)A003266323</subfield><subfield code="4">edt</subfield><subfield code="6">700-02</subfield></datafield><datafield ind1="1" ind2=" " tag="800"><subfield code="a">Mann, Thomas</subfield><subfield code="d">1875-1955</subfield><subfield code="t">Werke</subfield><subfield code="v">9</subfield><subfield code="w">(RERO)R003214119-41slsp</subfield></datafield><datafield ind1="4" ind2=" " tag="856"><subfield code="3">Inhaltsverzeichnis</subfield><subfield code="u">https://www.ub.unibas.ch/tox/HBZ/HT013863907/PDF</subfield><subfield code="q">pdf</subfield></datafield><datafield ind1=" " ind2=" " tag="900"><subfield code="a">IDSZ2zbzmon200408l</subfield><subfield code="c">IDSZ2emme</subfield><subfield code="d">IDSZ2zbzswk200408b</subfield><subfield code="e">IDSZ2boxm</subfield></datafield><datafield ind1=" " ind2=" " tag="900"><subfield code="a">IDSZ2mugmon200402e</subfield><subfield code="c">IDSZ2morg</subfield></datafield><datafield ind1=" " ind2=" " tag="911"><subfield code="a">Mann, Thomas</subfield><subfield code="d">1875-1955</subfield></datafield><datafield ind1=" " ind2=" " tag="949"><subfield code="a">https://www.ub.unibas.ch/tox/HBZ/HT013863907/PDF</subfield></datafield></record>
</metadata></record>