<record><header><identifier>oai:alma.41SLSP_UGE:991000036939705502</identifier><datestamp>2023-11-25T02:54:22Z</datestamp><setSpec>uge_bcen_RapidILL_BOOK</setSpec><setSpec>uge_aaca_RapidILL_BOOK</setSpec><setSpec>uge_abels_RapidILL_BOOK</setSpec><setSpec>uge_dbu_RapidILL_BOOK</setSpec><setSpec>uge_cmu_RapidILL_BOOK</setSpec><setSpec>uge_mail_RapidILL_BOOK</setSpec><setSpec>uge_abbat_RapidILL_BOOK</setSpec><setSpec>UNIGE_ALL</setSpec><setSpec>uge_acar_RapidILL_BOOK</setSpec><setSpec>uge_aobs_RapidILL_BOOK</setSpec></header><metadata>
<record xmlns="http://www.loc.gov/MARC21/slim" xmlns:xsi="http://www.w3.org/2001/XMLSchema-instance" xsi:schemaLocation="http://www.loc.gov/MARC21/slim http://www.loc.gov/standards/marcxml/schema/MARC21slim.xsd"><leader>01860nam a2200553 c 4500</leader><controlfield tag="001">991000036939705502</controlfield><controlfield tag="005">20230327181720.0</controlfield><controlfield tag="008">201011s1976    au ||||| |||| 00| ||ger d</controlfield><datafield ind1=" " ind2=" " tag="020"><subfield code="a">3702501398</subfield></datafield><datafield ind1=" " ind2=" " tag="035"><subfield code="a">(swissbib)226033333-41slsp_network</subfield></datafield><datafield ind1=" " ind2=" " tag="035"><subfield code="a">226033333</subfield><subfield code="9">ExL</subfield></datafield><datafield ind1=" " ind2=" " tag="035"><subfield code="a">(RERO)0103605-41slsp</subfield></datafield><datafield ind1=" " ind2=" " tag="035"><subfield code="a">(NEBIS)005595847EBI01</subfield></datafield><datafield ind1=" " ind2=" " tag="035"><subfield code="a">(IDSBB)000316872DSV01</subfield></datafield><datafield ind1=" " ind2=" " tag="035"><subfield code="a">(ALEX)bv00279301</subfield></datafield><datafield ind1=" " ind2=" " tag="035"><subfield code="a">(EXLNZ-41SLSP_NETWORK)991108989939705501</subfield></datafield><datafield ind1=" " ind2=" " tag="040"><subfield code="a">RERO</subfield><subfield code="d">CH-ZuSLS</subfield></datafield><datafield ind1=" " ind2=" " tag="044"><subfield code="a">au</subfield><subfield code="a">gw</subfield></datafield><datafield ind1=" " ind2="7" tag="072"><subfield code="a">dr</subfield><subfield code="2">rero</subfield></datafield><datafield ind1=" " ind2="7" tag="072"><subfield code="a">ra</subfield><subfield code="2">SzZuIDS BS/BE</subfield></datafield><datafield ind1="0" ind2="4" tag="082"><subfield code="a">340.54</subfield></datafield><datafield ind1="0" ind2="4" tag="082"><subfield code="a">320.8</subfield></datafield><datafield ind1="1" ind2="4" tag="082"><subfield code="a">340</subfield><subfield code="2">15</subfield></datafield><datafield ind1=" " ind2=" " tag="084"><subfield code="a">EB 15 h</subfield><subfield code="2">cjurrom</subfield></datafield><datafield ind1="1" ind2=" " tag="100"><subfield code="a">Hackl, Karl</subfield><subfield code="c">juriste</subfield><subfield code="d">1933-....</subfield><subfield code="0">(IDREF)050709054</subfield><subfield code="4">cre</subfield></datafield><datafield ind1="1" ind2="0" tag="245"><subfield code="a">Praeiudicium im klassischen römischen Recht</subfield><subfield code="c">Karl Hackl</subfield></datafield><datafield ind1=" " ind2="1" tag="264"><subfield code="a">Salzburg</subfield><subfield code="a">München</subfield><subfield code="b">A. Pustet</subfield><subfield code="c">[1976]</subfield></datafield><datafield ind1=" " ind2="4" tag="264"><subfield code="c">© 1976</subfield></datafield><datafield ind1=" " ind2=" " tag="300"><subfield code="a">325 p.</subfield><subfield code="c">20 cm</subfield></datafield><datafield ind1=" " ind2=" " tag="336"><subfield code="b">txt</subfield><subfield code="2">rdacontent</subfield></datafield><datafield ind1=" " ind2=" " tag="337"><subfield code="b">n</subfield><subfield code="2">rdamedia</subfield></datafield><datafield ind1=" " ind2=" " tag="338"><subfield code="b">nc</subfield><subfield code="2">rdacarrier</subfield></datafield><datafield ind1="1" ind2=" " tag="490"><subfield code="a">Dike : Grundfragen von Staat und Recht</subfield><subfield code="v">Bd. 14</subfield></datafield><datafield ind1="1" ind2=" " tag="490"><subfield code="a">Salzburger Universitaetsschriften</subfield></datafield><datafield ind1="1" ind2=" " tag="490"><subfield code="a">Salzburger Universitätsschriften. Dike</subfield><subfield code="v">Bd. 14</subfield></datafield><datafield ind1=" " ind2=" " tag="502"><subfield code="a">Habil.-Schrift Univ. Salzburg, 1975/76</subfield></datafield><datafield ind1=" " ind2=" " tag="504"><subfield code="a">Bibliogr</subfield></datafield><datafield ind1=" " ind2="7" tag="650"><subfield code="a">dommage</subfield><subfield code="0">(RERO)A009953245</subfield><subfield code="2">rerovoc</subfield></datafield><datafield ind1=" " ind2="7" tag="650"><subfield code="a">Droit romain</subfield><subfield code="0">(IDREF)027232433</subfield><subfield code="2">idref</subfield></datafield><datafield ind1=" " ind2="7" tag="650"><subfield code="a">Römisches Recht</subfield><subfield code="0">(DE-588)4050306-9</subfield><subfield code="2">gnd</subfield></datafield><datafield ind1=" " ind2="7" tag="650"><subfield code="a">Vorentscheidung</subfield><subfield code="0">(DE-588)4329717-1</subfield><subfield code="2">gnd</subfield></datafield><datafield ind1=" " ind2="0" tag="650"><subfield code="a">Actions and defenses (Roman law)</subfield></datafield><datafield ind1=" " ind2="0" tag="650"><subfield code="a">Prejudicial actions (Roman law)</subfield></datafield><datafield ind1=" " ind2="4" tag="650"><subfield code="a">Römisches Recht</subfield></datafield><datafield ind1=" " ind2="4" tag="650"><subfield code="a">Vorentscheidung</subfield></datafield><datafield ind1=" " ind2="7" tag="655"><subfield code="a">Hochschulschrift</subfield><subfield code="2">gnd-content</subfield></datafield><datafield ind1=" " ind2=" " tag="690"><subfield code="a">Römisches Recht / Zivilprozessrecht / 1950- ersch.</subfield><subfield code="2">uzb-Z9</subfield></datafield><datafield ind1=" " ind2=" " tag="830"><subfield code="a">Dike</subfield><subfield code="v">14</subfield><subfield code="w">(RERO)0103604-41slsp</subfield></datafield><datafield ind1=" " ind2=" " tag="830"><subfield code="a">Dike</subfield><subfield code="w">(RERO)0103603-41slsp</subfield></datafield><datafield ind1=" " ind2=" " tag="900"><subfield code="a">REROnoselfmerge</subfield></datafield><datafield ind1=" " ind2=" " tag="900"><subfield code="a">IDSZ2rwimon200806i</subfield><subfield code="c">IDSZ2paru 080625</subfield></datafield></record>
</metadata></record>