<record><header><identifier>oai:alma.41SLSP_UGE:991000036519705502</identifier><datestamp>2023-03-01T01:08:53Z</datestamp><setSpec>uge_bcen_RapidILL_BOOK</setSpec><setSpec>uge_aaca_RapidILL_BOOK</setSpec><setSpec>uge_abels_RapidILL_BOOK</setSpec><setSpec>uge_dbu_RapidILL_BOOK</setSpec><setSpec>uge_cmu_RapidILL_BOOK</setSpec><setSpec>uge_mail_RapidILL_BOOK</setSpec><setSpec>UNIGE_ALL</setSpec><setSpec>uge_abbat_RapidILL_BOOK</setSpec><setSpec>uge_aobs_RapidILL_BOOK</setSpec><setSpec>uge_acar_RapidILL_BOOK</setSpec></header><metadata>
<record xmlns="http://www.loc.gov/MARC21/slim" xmlns:xsi="http://www.w3.org/2001/XMLSchema-instance" xsi:schemaLocation="http://www.loc.gov/MARC21/slim http://www.loc.gov/standards/marcxml/schema/MARC21slim.xsd"><leader>01736nam a2200517 c 4500</leader><controlfield tag="001">991000036519705502</controlfield><controlfield tag="005">20201229233941.0</controlfield><controlfield tag="008">201011s1957    fr ag    b||| 000 ubfre|d</controlfield><datafield ind1=" " ind2=" " tag="035"><subfield code="a">(swissbib)213109603-41slsp_network</subfield></datafield><datafield ind1=" " ind2=" " tag="035"><subfield code="a">213109603</subfield><subfield code="9">ExL</subfield></datafield><datafield ind1=" " ind2=" " tag="035"><subfield code="a">(IDSBB)006614963DSV01</subfield></datafield><datafield ind1=" " ind2=" " tag="035"><subfield code="a">(RERO)1605205-41slsp</subfield></datafield><datafield ind1=" " ind2=" " tag="035"><subfield code="a">(IDSLU)000291547ILU01</subfield></datafield><datafield ind1=" " ind2=" " tag="035"><subfield code="a">(NEBIS)007729014EBI01</subfield></datafield><datafield ind1=" " ind2=" " tag="035"><subfield code="a">(OCoLC)397961484</subfield></datafield><datafield ind1=" " ind2=" " tag="035"><subfield code="a">(EXLNZ-41SLSP_NETWORK)991105988999705501</subfield></datafield><datafield ind1=" " ind2=" " tag="040"><subfield code="a">CNCUB</subfield><subfield code="b">ger</subfield><subfield code="e">rda</subfield><subfield code="d">CH-ZuSLS</subfield></datafield><datafield ind1=" " ind2="4" tag="050"><subfield code="a">ML410 .H39 B232h 1957</subfield></datafield><datafield ind1=" " ind2="3" tag="055"><subfield code="a">ML410H415B233</subfield><subfield code="b">1957</subfield></datafield><datafield ind1=" " ind2="7" tag="072"><subfield code="a">mu</subfield><subfield code="2">SzZuIDS BS/BE</subfield></datafield><datafield ind1=" " ind2="7" tag="072"><subfield code="a">mu</subfield><subfield code="2">rero</subfield></datafield><datafield ind1=" " ind2="7" tag="072"><subfield code="a">480</subfield><subfield code="2">IDS LU</subfield></datafield><datafield ind1="0" ind2="4" tag="082"><subfield code="a">780.92 H415b</subfield></datafield><datafield ind1="1" ind2="4" tag="082"><subfield code="a">780</subfield><subfield code="2">15</subfield></datafield><datafield ind1="1" ind2=" " tag="100"><subfield code="a">Barbaud, Pierre</subfield><subfield code="d">1911-1990</subfield><subfield code="0">(DE-588)104679689</subfield><subfield code="e">Verfasser</subfield><subfield code="4">aut</subfield><subfield code="6">880-01</subfield></datafield><datafield ind1="1" ind2=" " tag="880"><subfield code="a">Barbaud, Pierre</subfield><subfield code="0">(RERO)A002967586</subfield><subfield code="4">cre</subfield><subfield code="6">100-01</subfield></datafield><datafield ind1="1" ind2="0" tag="245"><subfield code="a">Haydn</subfield><subfield code="c">Pierre Barbaud</subfield></datafield><datafield ind1=" " ind2="1" tag="264"><subfield code="a">Paris</subfield><subfield code="b">&lt;&lt;&lt;editions du Seuil</subfield><subfield code="c">1957</subfield></datafield><datafield ind1=" " ind2=" " tag="300"><subfield code="a">191 Seiten</subfield><subfield code="b">Illustrationen</subfield><subfield code="c">18 cm</subfield></datafield><datafield ind1=" " ind2=" " tag="336"><subfield code="b">txt</subfield><subfield code="2">rdacontent</subfield></datafield><datafield ind1=" " ind2=" " tag="337"><subfield code="b">n</subfield><subfield code="2">rdamedia</subfield></datafield><datafield ind1=" " ind2=" " tag="338"><subfield code="b">nc</subfield><subfield code="2">rdacarrier</subfield></datafield><datafield ind1="1" ind2=" " tag="490"><subfield code="a">Solfèges</subfield><subfield code="v">6</subfield></datafield><datafield ind1=" " ind2=" " tag="504"><subfield code="a">Bibliogr.: p. 185</subfield></datafield><datafield ind1=" " ind2=" " tag="504"><subfield code="a">Discographie: p. 186-191</subfield></datafield><datafield ind1=" " ind2=" " tag="504"><subfield code="a">Bibliogr., Werkverz., Diskogr.</subfield></datafield><datafield ind1="1" ind2="4" tag="600"><subfield code="a">Haydn, Joseph</subfield></datafield><datafield ind1="1" ind2="7" tag="600"><subfield code="a">Haydn, Joseph</subfield><subfield code="d">1732-1809</subfield><subfield code="2">ram</subfield></datafield><datafield ind1="1" ind2="7" tag="600"><subfield code="a">Haydn, Joseph</subfield><subfield code="d">1732-1809</subfield><subfield code="0">(IDREF)030260868</subfield><subfield code="2">idref</subfield></datafield><datafield ind1="1" ind2="7" tag="600"><subfield code="a">Haydn, Joseph</subfield><subfield code="d">1732-1809</subfield><subfield code="0">(DE-588)118547356</subfield><subfield code="2">gnd</subfield></datafield><datafield ind1=" " ind2="4" tag="650"><subfield code="a">Haydn (Franz Joseph)</subfield></datafield><datafield ind1=" " ind2="6" tag="650"><subfield code="a">Haydn, Joseph, 1732-1809</subfield></datafield><datafield ind1=" " ind2="6" tag="650"><subfield code="a">Compositeurs</subfield><subfield code="x">Autriche</subfield><subfield code="x">Biographies</subfield></datafield><datafield ind1=" " ind2=" " tag="690"><subfield code="a">Haydn, Joseph (1732-1809)</subfield><subfield code="2">uzb-UV</subfield></datafield><datafield ind1=" " ind2=" " tag="830"><subfield code="a">Solfèges</subfield><subfield code="v">6</subfield><subfield code="w">(RERO)0001247-41slsp</subfield></datafield><datafield ind1=" " ind2=" " tag="830"><subfield code="a">Collections microcosme</subfield><subfield code="p">Solfèges</subfield><subfield code="v">6</subfield><subfield code="w">(IDSBB)000061101DSV01</subfield></datafield><datafield ind1=" " ind2=" " tag="900"><subfield code="a">REROnoselfmerge</subfield></datafield></record>
</metadata></record>