<record><header><identifier>oai:alma.41SLSP_UGE:991000036309705502</identifier><datestamp>2024-10-05T00:08:25Z</datestamp><setSpec>uge_bcen_RapidILL_BOOK</setSpec><setSpec>uge_aaca_RapidILL_BOOK</setSpec><setSpec>uge_abels_RapidILL_BOOK</setSpec><setSpec>uge_dbu_RapidILL_BOOK</setSpec><setSpec>uge_cmu_RapidILL_BOOK</setSpec><setSpec>uge_mail_RapidILL_BOOK</setSpec><setSpec>uge_abbat_RapidILL_BOOK</setSpec><setSpec>UNIGE_ALL</setSpec><setSpec>uge_aobs_RapidILL_BOOK</setSpec><setSpec>uge_acar_RapidILL_BOOK</setSpec></header><metadata>
<record xmlns="http://www.loc.gov/MARC21/slim" xmlns:xsi="http://www.w3.org/2001/XMLSchema-instance" xsi:schemaLocation="http://www.loc.gov/MARC21/slim http://www.loc.gov/standards/marcxml/schema/MARC21slim.xsd"><leader>01305nam a22003732c 4500</leader><controlfield tag="001">991000036309705502</controlfield><controlfield tag="005">20241004181411.0</controlfield><controlfield tag="008">201012s1952    pl ||||| |||| 00| ||lat d</controlfield><datafield ind1=" " ind2=" " tag="019"><subfield code="a">RekatMedea: UKPHS Verknüpfung zur Serie fehlt, keine Laufnummer vorhanden</subfield><subfield code="5">NEBIS/08.07.2005 Medea</subfield></datafield><datafield ind1=" " ind2=" " tag="035"><subfield code="a">(swissbib)240494156-41slsp_network</subfield></datafield><datafield ind1=" " ind2=" " tag="035"><subfield code="a">240494156</subfield><subfield code="9">ExL</subfield></datafield><datafield ind1=" " ind2=" " tag="035"><subfield code="a">(RERO)R006113705-41slsp</subfield></datafield><datafield ind1=" " ind2=" " tag="035"><subfield code="a">(IDSBB)000232850DSV01</subfield></datafield><datafield ind1=" " ind2=" " tag="035"><subfield code="a">(NEBIS)008955545EBI01</subfield></datafield><datafield ind1=" " ind2=" " tag="035"><subfield code="a">(EXLNZ-41SLSP_NETWORK)991057693079705501</subfield></datafield><datafield ind1=" " ind2=" " tag="040"><subfield code="a">GZM</subfield><subfield code="d">CH-ZuSLS</subfield></datafield><datafield ind1=" " ind2="4" tag="050"><subfield code="a">PA3965.D22</subfield><subfield code="b">C9</subfield></datafield><datafield ind1=" " ind2="7" tag="072"><subfield code="a">gr</subfield><subfield code="2">rero</subfield></datafield><datafield ind1=" " ind2="7" tag="072"><subfield code="a">kp</subfield><subfield code="2">SzZuIDS BS/BE</subfield></datafield><datafield ind1="1" ind2=" " tag="100"><subfield code="a">Cytowska, Maria</subfield><subfield code="d">1922-2007</subfield><subfield code="0">(IDREF)080298311</subfield><subfield code="4">cre</subfield></datafield><datafield ind1="1" ind2="0" tag="245"><subfield code="a">De Dionis Chrysostomi rhythmo oratorio</subfield><subfield code="c">Maria Cytowska</subfield></datafield><datafield ind1=" " ind2="1" tag="264"><subfield code="a">Varsaviae</subfield><subfield code="b">Editum auxilio Ministerii Scholarum Superiorum</subfield><subfield code="c">1952</subfield></datafield><datafield ind1=" " ind2=" " tag="300"><subfield code="a">53 p.</subfield><subfield code="c">26 cm.</subfield></datafield><datafield ind1=" " ind2=" " tag="336"><subfield code="b">txt</subfield><subfield code="2">rdacontent</subfield></datafield><datafield ind1=" " ind2=" " tag="337"><subfield code="b">n</subfield><subfield code="2">rdamedia</subfield></datafield><datafield ind1=" " ind2=" " tag="338"><subfield code="b">nc</subfield><subfield code="2">rdacarrier</subfield></datafield><datafield ind1="1" ind2=" " tag="490"><subfield code="a">Auctarium maeandreum</subfield><subfield code="v">v.2</subfield></datafield><datafield ind1=" " ind2=" " tag="504"><subfield code="a">Bibliography: p. [52]-53.</subfield></datafield><datafield ind1="0" ind2="0" tag="600"><subfield code="a">Dio</subfield><subfield code="c">Chrysostom</subfield></datafield><datafield ind1=" " ind2="4" tag="650"><subfield code="a">Rhythmus</subfield></datafield><datafield ind1=" " ind2=" " tag="830"><subfield code="a">Auctarium maeandreum</subfield><subfield code="v">2</subfield><subfield code="w">(RERO)1849439-41slsp</subfield></datafield><datafield ind1=" " ind2=" " tag="830"><subfield code="a">Auctarium Maeandreum</subfield><subfield code="v">2</subfield><subfield code="w">(IDSBB)000457320DSV01</subfield></datafield><datafield ind1=" " ind2=" " tag="900"><subfield code="a">REROnoselfmerge</subfield></datafield><datafield ind1=" " ind2=" " tag="900"><subfield code="a">IDSU2remark</subfield><subfield code="f">IDSU2medea</subfield></datafield><datafield ind1=" " ind2=" " tag="910"><subfield code="a">OCoLC</subfield><subfield code="b">20110728</subfield><subfield code="c">Droits réservés</subfield></datafield></record>
</metadata></record>