<record><header><identifier>oai:alma.41SLSP_UGE:991000015149705502</identifier><datestamp>2024-05-25T00:29:29Z</datestamp><setSpec>uge_bcen_RapidILL_BOOK</setSpec><setSpec>uge_aaca_RapidILL_BOOK</setSpec><setSpec>uge_abels_RapidILL_BOOK</setSpec><setSpec>uge_dbu_RapidILL_BOOK</setSpec><setSpec>uge_cmu_RapidILL_BOOK</setSpec><setSpec>uge_mail_RapidILL_BOOK</setSpec><setSpec>uge_abbat_RapidILL_BOOK</setSpec><setSpec>UNIGE_ALL</setSpec><setSpec>uge_acar_RapidILL_BOOK</setSpec><setSpec>uge_aobs_RapidILL_BOOK</setSpec></header><metadata>
<record xmlns="http://www.loc.gov/MARC21/slim" xmlns:xsi="http://www.w3.org/2001/XMLSchema-instance" xsi:schemaLocation="http://www.loc.gov/MARC21/slim http://www.loc.gov/standards/marcxml/schema/MARC21slim.xsd"><leader>07533nam a2200985 c 4500</leader><controlfield tag="001">991000015149705502</controlfield><controlfield tag="005">20230831032431.0</controlfield><controlfield tag="008">201011t19981998sz     |      00| ||fre|d</controlfield><datafield ind1=" " ind2=" " tag="019"><subfield code="a">Anlassdaten aus deutscher Ausg.</subfield></datafield><datafield ind1=" " ind2=" " tag="020"><subfield code="a">288182322X</subfield></datafield><datafield ind1="7" ind2=" " tag="024"><subfield code="a">http://catalogue.bnf.fr/ark:/12148/cb37542557v</subfield><subfield code="2">uri</subfield></datafield><datafield ind1=" " ind2=" " tag="035"><subfield code="a">(swissbib)226054160-41slsp_network</subfield></datafield><datafield ind1=" " ind2=" " tag="035"><subfield code="a">226054160</subfield><subfield code="9">ExL</subfield></datafield><datafield ind1=" " ind2=" " tag="035"><subfield code="a">(NEBIS)001875085EBI01</subfield></datafield><datafield ind1=" " ind2=" " tag="035"><subfield code="a">(RERO)R226409560-41slsp</subfield></datafield><datafield ind1=" " ind2=" " tag="035"><subfield code="a">(IDSBB)001616724DSV01</subfield></datafield><datafield ind1=" " ind2=" " tag="035"><subfield code="a">(SBT)000112196SBT01</subfield></datafield><datafield ind1=" " ind2=" " tag="035"><subfield code="a">(IDSSG)000176918HSB01</subfield></datafield><datafield ind1=" " ind2=" " tag="035"><subfield code="a">(ALEX)bv001373790</subfield></datafield><datafield ind1=" " ind2=" " tag="035"><subfield code="a">(EXLNZ-41SLSP_NETWORK)991037314069705501</subfield></datafield><datafield ind1=" " ind2=" " tag="040"><subfield code="a">SLM</subfield><subfield code="b">ger</subfield><subfield code="e">ETHICS-ISBD</subfield><subfield code="d">CH-ZuSLS</subfield></datafield><datafield ind1="1" ind2=" " tag="041"><subfield code="a">fre</subfield><subfield code="h">ger</subfield><subfield code="h">ita</subfield></datafield><datafield ind1=" " ind2=" " tag="044"><subfield code="a">sz</subfield><subfield code="c">ch-ge</subfield></datafield><datafield ind1=" " ind2="7" tag="072"><subfield code="a">kh</subfield><subfield code="2">SzZuIDS BS/BE</subfield></datafield><datafield ind1=" " ind2="7" tag="072"><subfield code="a">gw</subfield><subfield code="2">SzZuIDS BS/BE</subfield></datafield><datafield ind1=" " ind2="7" tag="072"><subfield code="a">ba</subfield><subfield code="2">rero</subfield></datafield><datafield ind1="7" ind2="4" tag="082"><subfield code="a">700</subfield><subfield code="2">23sdnb</subfield></datafield><datafield ind1=" " ind2=" " tag="084"><subfield code="a">CA/CH 7 g</subfield><subfield code="2">cjurrom</subfield></datafield><datafield ind1="0" ind2="0" tag="245"><subfield code="a">Swiss, made</subfield><subfield code="b">la Suisse en dialogue avec le monde</subfield><subfield code="c">publ. sous la dir. de Beat Schläpfer; [trad.: Etienne Barilier ... et al.]</subfield></datafield><datafield ind1=" " ind2="1" tag="264"><subfield code="a">Carouge-Genève</subfield><subfield code="b">Editions Zoé</subfield><subfield code="c">[1998]</subfield></datafield><datafield ind1=" " ind2="4" tag="264"><subfield code="c">©1998</subfield></datafield><datafield ind1=" " ind2=" " tag="300"><subfield code="a">368 p.</subfield><subfield code="b">ill. en noir et en coul.</subfield><subfield code="c">29 cm</subfield></datafield><datafield ind1=" " ind2=" " tag="336"><subfield code="b">txt</subfield><subfield code="2">rdacontent</subfield></datafield><datafield ind1=" " ind2=" " tag="337"><subfield code="b">n</subfield><subfield code="2">rdamedia</subfield></datafield><datafield ind1=" " ind2=" " tag="338"><subfield code="b">nc</subfield><subfield code="2">rdacarrier</subfield></datafield><datafield ind1=" " ind2=" " tag="500"><subfield code="a">Es erscheint auch eine dt. Ausg. unter demselben Titel</subfield></datafield><datafield ind1=" " ind2=" " tag="500"><subfield code="a">Catalogue de l'exposition présentée au Musée d'art et d'histoire de Genève (20.02.-17.05.98), au Musée Strauhof et au Musée Helmhaus (06.06-23.8.98) à Zurich, à la Naxos-Halle de Francfort (18.09-08.11.98) et au Musée Vela de Ligornetto (Juni-Sept. 2000)</subfield></datafield><datafield ind1=" " ind2=" " tag="500"><subfield code="a">Projet pour les 150 ans de la fondation de la Confédération sisse</subfield></datafield><datafield ind1=" " ind2=" " tag="500"><subfield code="a">Ausstellung (Genève ; Musée d'art et d'histoire ; 1998)</subfield></datafield><datafield ind1=" " ind2=" " tag="500"><subfield code="a">Ausstellung (Zürich ; Helmhaus ; 1998)</subfield></datafield><datafield ind1=" " ind2=" " tag="500"><subfield code="a">Ausstellung (Zürich ; Städtische Galerie zum Strauhof ; 1998)</subfield></datafield><datafield ind1=" " ind2=" " tag="500"><subfield code="a">Ausstellung (Ligornetto ; Museo Vela ; 2000).]-</subfield></datafield><datafield ind1=" " ind2=" " tag="500"><subfield code="a">Originaltitel: Swiss, made</subfield></datafield><datafield ind1=" " ind2=" " tag="500"><subfield code="a">Exposition présentée au Musée d'art et d'histoire de Genève, au Musée Strauhof et au Musée Helmhaus à Zurich, à la Naxos-Halle de Francfort et au Musée Vela de Ligornetto. - Anlassdaten: Genève, 20.2.-17.5.1998; Zurich, 6.6.-23.8.1998 ...</subfield></datafield><datafield ind1=" " ind2=" " tag="500"><subfield code="a">Cet ouvrage paraît sous le même titre que l'exposition présentée en 1998 au Musée d'art et d'histoire de Genève, au Musée Strauhof et au Musée Helmhaus à Zurich, à la Naxos-Halle de Francfort et au Musée Vela de Ligornetto</subfield></datafield><datafield ind1=" " ind2=" " tag="520"><subfield code="a">Interaction dans tous les domaines culturels entre la Suisse et le monde</subfield><subfield code="5">IDSBB/B429</subfield></datafield><datafield ind1="8" ind2=" " tag="520"><subfield code="a">Contient: Un exilé politique de la commune : Courbet en Suisse (1873-1877) / Pierre Chessex, p. 105-118 ; Ramuz et l'effet de capitale : les écrivains romands / Jérôme Meizoz, p. 145-152 ; Le dialogue de Stravinsky et d'Ansermet : lecture discrète d'une correspondance / Jean Starobinski, p. 191-200</subfield><subfield code="5">RERO/labcur/07.1998</subfield></datafield><datafield ind1=" " ind2="7" tag="648"><subfield code="a">Geschichte</subfield><subfield code="2">gnd</subfield></datafield><datafield ind1=" " ind2="7" tag="650"><subfield code="a">KULTURKONTAKTE + KULTURWANDEL + AKKULTURATION</subfield><subfield code="9">ger</subfield><subfield code="0">(ETHUDK)000009092</subfield><subfield code="2">ethudk</subfield></datafield><datafield ind1=" " ind2="7" tag="650"><subfield code="a">KUNST</subfield><subfield code="9">ger</subfield><subfield code="0">(ETHUDK)000035232</subfield><subfield code="2">ethudk</subfield></datafield><datafield ind1=" " ind2="7" tag="650"><subfield code="a">LITERATUR</subfield><subfield code="9">ger</subfield><subfield code="0">(ETHUDK)000036406</subfield><subfield code="2">ethudk</subfield></datafield><datafield ind1=" " ind2="7" tag="650"><subfield code="a">PUBLIKATIONEN ZU TEMPORÄREN AUSSTELLUNGEN</subfield><subfield code="9">ger</subfield><subfield code="0">(ETHUDK)000009298</subfield><subfield code="2">ethudk</subfield></datafield><datafield ind1=" " ind2="7" tag="650"><subfield code="a">SCHWEIZ (MITTELEUROPA). SCHWEIZERISCHE EIDGENOSSENSCHAFT</subfield><subfield code="9">ger</subfield><subfield code="0">(ETHUDK)000004571</subfield><subfield code="2">ethudk</subfield></datafield><datafield ind1=" " ind2="7" tag="650"><subfield code="a">Culture</subfield><subfield code="0">(IDREF)027231429</subfield><subfield code="2">idref</subfield></datafield><datafield ind1=" " ind2="7" tag="650"><subfield code="a">identité</subfield><subfield code="0">(RERO)A010097856</subfield><subfield code="2">rerovoc</subfield></datafield><datafield ind1=" " ind2="7" tag="650"><subfield code="a">Relations internationales</subfield><subfield code="0">(IDREF)027805905</subfield><subfield code="2">idref</subfield></datafield><datafield ind1=" " ind2="7" tag="650"><subfield code="a">Art suisse</subfield><subfield code="0">(IDREF)02843482X</subfield><subfield code="2">idref</subfield></datafield><datafield ind1=" " ind2="7" tag="650"><subfield code="a">Kulturaustausch</subfield><subfield code="z">Schweiz</subfield><subfield code="y">Geschichte 20. Jh</subfield><subfield code="v">Ausstellungskatalog</subfield><subfield code="2">idsbb</subfield></datafield><datafield ind1=" " ind2="7" tag="650"><subfield code="a">Kultur</subfield><subfield code="z">Schweiz</subfield><subfield code="y">Geschichte 20. Jh</subfield><subfield code="v">Ausstellungskatalog</subfield><subfield code="2">idsbb</subfield></datafield><datafield ind1=" " ind2="7" tag="650"><subfield code="a">Kultur</subfield><subfield code="z">Schweiz</subfield><subfield code="y">Geschichte 19. Jh</subfield><subfield code="v">Ausstellungskatalog</subfield><subfield code="2">idsbb</subfield></datafield><datafield ind1=" " ind2="7" tag="650"><subfield code="a">Kunst</subfield><subfield code="0">(DE-588)4114333-4</subfield><subfield code="2">gnd</subfield></datafield><datafield ind1=" " ind2="7" tag="650"><subfield code="a">Kulturaustausch</subfield><subfield code="2">gnd</subfield><subfield code="0">(DE-588)4165964-8</subfield></datafield><datafield ind1=" " ind2="7" tag="651"><subfield code="a">Suisse</subfield><subfield code="0">(IDREF)027249654</subfield><subfield code="2">idref</subfield></datafield><datafield ind1=" " ind2="7" tag="651"><subfield code="a">Schweiz</subfield><subfield code="x">Ausland</subfield><subfield code="v">Ausstellungskatalog</subfield><subfield code="2">idsbb</subfield></datafield><datafield ind1=" " ind2="7" tag="651"><subfield code="a">Schweiz</subfield><subfield code="0">(DE-588)4053881-3</subfield><subfield code="2">gnd</subfield></datafield><datafield ind1=" " ind2="7" tag="655"><subfield code="a">Ausstellungskatalog</subfield><subfield code="z">Genève</subfield><subfield code="y">1998</subfield><subfield code="2">gnd-content</subfield></datafield><datafield ind1=" " ind2="7" tag="655"><subfield code="a">[Études diverses]</subfield><subfield code="0">(RERO)A022249905</subfield><subfield code="2">rero</subfield></datafield><datafield ind1=" " ind2="7" tag="655"><subfield code="a">Ausstellungskatalog</subfield><subfield code="z">Genf</subfield><subfield code="y">1998</subfield><subfield code="2">gnd-content</subfield></datafield><datafield ind1=" " ind2="7" tag="655"><subfield code="a">Ausstellungskatalog</subfield><subfield code="z">Zürich</subfield><subfield code="y">1998</subfield><subfield code="2">gnd-content</subfield></datafield><datafield ind1=" " ind2=" " tag="690"><subfield code="a">Schweiz; Komponist; Dialog; Reform; Schriftsteller; Welt; Milan; Exil; Pferd; Binder; Chessex; Corbusier; Dürrenmatt; Frank; Gasser; Kohler; Roggen; Schneider; Vogt; Dorf; Gemeinde; Ansermet; Aram; Aufklärung; Beziehung; Cotti; Courbet; Ethno; Fleiner; Hochschullehrer; Kommissar; School; Schutz; Soldaten; Student; Wiederherstellung; Arp; Board; Claus; Doppel; Elisabeth; Friedrich; Gewalt; Mond; Stern; Abbildung; Aussehen; Ausstellung; Bahia; Debatte; Einleitung; Emanzipation; Exposition; Fest; Heimat; Interview; Konflikt; Leben; Minderheit; Organisation; Paris; Reichtum; Spiel; Staat</subfield><subfield code="2">idssg-J</subfield></datafield><datafield ind1=" " ind2=" " tag="690"><subfield code="a">FranzJoachim; Theaterreform; Biobibliographie; Histoire; Musikerstellungszeit; Vierteljahrhundert</subfield><subfield code="2">idssg-J</subfield></datafield><datafield ind1=" " ind2=" " tag="690"><subfield code="a">achtzehntes Jahrhundert; aufrührerische Schrift; ausländische Öffentlichkeit; deutscher Student; diskrete Korrespondenz; europäische Architektur; europäische Region; existentielle Reform; letztes Vierteljahrhundert; multikultureller Staat; neue Form; neunzehntes Jahrhundert; politisches Exil; schweizer Literatur; sprechender Schriftsteller</subfield><subfield code="2">idssg-J</subfield></datafield><datafield ind1=" " ind2=" " tag="690"><subfield code="a">Schweiz C4EXSI; Frankreich C4EUFR; Welt C00WOR; Amerika; Russland C4EXRU; Brasilien C3BRAZ; Griechenland C4EUGR</subfield><subfield code="2">idssg-J</subfield></datafield><datafield ind1=" " ind2=" " tag="690"><subfield code="a">Adolf Max Vogt Le; Adolphe Appia; Adrien Pasquali Swissmade; Alfred Kolz; Aram Mattioli; Beat Schläpfer; Benetton; Cendrars Alfonsina; Claus Hassig; Corbusier; Dario Gamboni; Denis; Detlev Schneider; Elisabeth Grossmann; Flavio Cotti; FranzJoachim Verspohl; Franz Cavigelli; François Hudry; Friedrich Dürrenmatt; Genf Aufklärung Aufrührerischen Schriften; Georg Kohler; Giorgio Zanchetti; Giovanni Orelli; Gottfried Semper; Gustav Huonker; Haller; Hans Finsler; Hirt Ethno; Hodler; Isabelle IRFI Lob Nomadentum Schweizer; Jean Starobinski; Jérôme Meizoz Ramuz; Karl Ludwig; Komponist Klaus Huber; Labhart Survival; Magdalena Droste; Martin Fröhlich Europäische Architektur; Martin Gasser; Max Nyffeler; Max Vogt Le; Michel Porret; Mittelholzer Rui Knopfli Blaise; Musiker Alchemist; Ort Kommissare Organisation Exposition; Peter Riiedi; Peter Wehrli; Phidias; Pierre Chessex; Robert Frank; Robert Furer; Ronald Roggen; Rougemont Europäischen Regionen; Schlagen Schlapfer Einleitung; School Zürich Polytechnic; Schweiz Dialog Welt</subfield><subfield code="2">idssg-J</subfield></datafield><datafield ind1=" " ind2=" " tag="691"><subfield code="e">949.400</subfield><subfield code="2">usi-TM</subfield></datafield><datafield ind1="1" ind2=" " tag="700"><subfield code="a">Barilier, Étienne</subfield><subfield code="d">1947-....</subfield><subfield code="0">(IDREF)026705370</subfield></datafield><datafield ind1="1" ind2=" " tag="700"><subfield code="a">Schläpfer, Beat</subfield><subfield code="d">1952-</subfield><subfield code="6">880-02</subfield><subfield code="0">(DE-588)110445945</subfield></datafield><datafield ind1="1" ind2=" " tag="880"><subfield code="6">700-02</subfield><subfield code="a">Schläpfer, Beat</subfield><subfield code="d">1952-....</subfield><subfield code="0">(IDREF)050216414</subfield></datafield><datafield ind1="2" ind2=" " tag="710"><subfield code="a">Musée d'art et d'histoire</subfield><subfield code="g">Genf</subfield><subfield code="0">(DE-588)25478-2</subfield></datafield><datafield ind1="2" ind2=" " tag="710"><subfield code="a">Städtische Galerie zum Strauhof</subfield><subfield code="0">(DE-588)2087126-0</subfield></datafield><datafield ind1="2" ind2=" " tag="710"><subfield code="a">Helmhaus</subfield><subfield code="0">(DE-588)1045029-4</subfield></datafield><datafield ind1="0" ind2="8" tag="775"><subfield code="i">Parallele Sprachausgabe</subfield><subfield code="n">deutsch</subfield><subfield code="t">Swiss, made</subfield><subfield code="z">3858811009</subfield></datafield><datafield ind1="4" ind2=" " tag="856"><subfield code="u">https://tools.unisg.ch/url/hm00008635</subfield><subfield code="z">Inhaltsverzeichnis</subfield></datafield><datafield ind1="4" ind2="2" tag="856"><subfield code="3">Inhaltsverzeichnis</subfield><subfield code="q">PDF</subfield><subfield code="u">https://urn.ub.unibe.ch/urn:ch:slsp:288182322X:ihv:pdf</subfield></datafield><datafield ind1=" " ind2=" " tag="900"><subfield code="a">Stoppsignal FRED</subfield><subfield code="x">UBE/B410/202308</subfield></datafield><datafield ind1=" " ind2=" " tag="949"><subfield code="a">https://urn.ub.unibe.ch/urn:ch:slsp:288182322X:ihv:pdf</subfield></datafield><datafield ind1=" " ind2=" " tag="949"><subfield code="a">https://tools.unisg.ch/url/hm00008635</subfield></datafield><datafield ind1=" " ind2=" " tag="993"><subfield code="a">BFLB 17509</subfield><subfield code="x">ge/ulha/a/98/03</subfield><subfield code="9">LOCAL</subfield></datafield></record>
</metadata></record>