<record><header><identifier>oai:alma.41SLSP_UGE:991000036329705502</identifier><datestamp>2023-10-17T01:07:32Z</datestamp><setSpec>uge_bcen_RapidILL_BOOK</setSpec><setSpec>uge_aaca_RapidILL_BOOK</setSpec><setSpec>uge_abels_RapidILL_BOOK</setSpec><setSpec>uge_dbu_RapidILL_BOOK</setSpec><setSpec>uge_cmu_RapidILL_BOOK</setSpec><setSpec>uge_mail_RapidILL_BOOK</setSpec><setSpec>uge_abbat_RapidILL_BOOK</setSpec><setSpec>UNIGE_ALL</setSpec><setSpec>uge_aobs_RapidILL_BOOK</setSpec><setSpec>uge_acar_RapidILL_BOOK</setSpec></header><metadata>
<record xmlns="http://www.loc.gov/MARC21/slim" xmlns:xsi="http://www.w3.org/2001/XMLSchema-instance" xsi:schemaLocation="http://www.loc.gov/MARC21/slim http://www.loc.gov/standards/marcxml/schema/MARC21slim.xsd"><leader>02161nam a2200541 c 4500</leader><controlfield tag="001">991000036329705502</controlfield><controlfield tag="005">20231016143850.0</controlfield><controlfield tag="008">201011s2020    it            000 0 ita d</controlfield><datafield ind1=" " ind2=" " tag="020"><subfield code="a">9788884509246</subfield></datafield><datafield ind1=" " ind2=" " tag="020"><subfield code="a">8884509246</subfield></datafield><datafield ind1=" " ind2=" " tag="035"><subfield code="a">(swissbib)21605608X-41slsp_network</subfield></datafield><datafield ind1=" " ind2=" " tag="035"><subfield code="a">21605608X</subfield><subfield code="9">ExL</subfield></datafield><datafield ind1=" " ind2=" " tag="035"><subfield code="a">(RERO)R009078865-41slsp</subfield></datafield><datafield ind1=" " ind2=" " tag="035"><subfield code="a">(NEBIS)011628159EBI01</subfield></datafield><datafield ind1=" " ind2=" " tag="035"><subfield code="a">(OCoLC)1164600786</subfield></datafield><datafield ind1=" " ind2=" " tag="035"><subfield code="a">(EXLNZ-41SLSP_NETWORK)991032740439705501</subfield></datafield><datafield ind1=" " ind2=" " tag="040"><subfield code="a">SzZUIDS</subfield><subfield code="b">fre</subfield><subfield code="e">rda</subfield><subfield code="d">CH-ZuSLS</subfield></datafield><datafield ind1=" " ind2="7" tag="072"><subfield code="a">fm</subfield><subfield code="2">rero</subfield></datafield><datafield ind1="7" ind2="4" tag="082"><subfield code="a">840</subfield><subfield code="2">23sdnb</subfield></datafield><datafield ind1="1" ind2="4" tag="082"><subfield code="a">849</subfield><subfield code="2">23</subfield></datafield><datafield ind1="1" ind2=" " tag="100"><subfield code="6">880-01</subfield><subfield code="a">Beltrami, Pietro G.</subfield><subfield code="d">1951-</subfield><subfield code="0">(DE-588)1045373451</subfield><subfield code="e">Verfasser</subfield><subfield code="4">aut</subfield></datafield><datafield ind1="1" ind2=" " tag="880"><subfield code="6">100-01</subfield><subfield code="a">Beltrami, Pietro G.</subfield><subfield code="0">(IDREF)029835631</subfield><subfield code="4">aut</subfield></datafield><datafield ind1="1" ind2="0" tag="245"><subfield code="a">Amori cortesi</subfield><subfield code="b">scritti sui trovatori</subfield><subfield code="c">Pietro G. Beltrami</subfield></datafield><datafield ind1=" " ind2="1" tag="264"><subfield code="a">Firenze</subfield><subfield code="b">Edizioni del Galluzzo per la fondazione Ezio Franceschini</subfield><subfield code="c">2020</subfield></datafield><datafield ind1=" " ind2=" " tag="300"><subfield code="a">XXXV, 800 pages</subfield></datafield><datafield ind1=" " ind2=" " tag="336"><subfield code="b">txt</subfield><subfield code="2">rdacontent</subfield></datafield><datafield ind1=" " ind2=" " tag="337"><subfield code="b">n</subfield><subfield code="2">rdamedia</subfield></datafield><datafield ind1=" " ind2=" " tag="338"><subfield code="b">nc</subfield><subfield code="2">rdacarrier</subfield></datafield><datafield ind1="1" ind2=" " tag="490"><subfield code="a">Archivio Romanzo</subfield><subfield code="v">37</subfield></datafield><datafield ind1=" " ind2="7" tag="650"><subfield code="a">Littérature courtoise</subfield><subfield code="0">(IDREF)027509273</subfield><subfield code="2">idref</subfield></datafield><datafield ind1=" " ind2="7" tag="650"><subfield code="a">Troubadours</subfield><subfield code="0">(IDREF)027254593</subfield><subfield code="2">idref</subfield></datafield><datafield ind1="0" ind2="7" tag="600"><subfield code="a">Guiraut de Borneil</subfield><subfield code="d">11..-1220?</subfield><subfield code="0">(IDREF)026893355</subfield><subfield code="2">idref</subfield></datafield><datafield ind1="0" ind2="7" tag="600"><subfield code="a">Bertran de Born</subfield><subfield code="d">1140?-1215?</subfield><subfield code="0">(IDREF)026724723</subfield><subfield code="2">idref</subfield></datafield><datafield ind1="0" ind2="7" tag="600"><subfield code="a">Arnaut Daniel</subfield><subfield code="d">1150?-12..</subfield><subfield code="0">(IDREF)026691272</subfield><subfield code="2">idref</subfield></datafield><datafield ind1="1" ind2="7" tag="600"><subfield code="a">Beltrami, Pietro G.</subfield><subfield code="d">1951-</subfield><subfield code="2">gnd</subfield><subfield code="0">(DE-588)1045373451</subfield></datafield><datafield ind1=" " ind2="7" tag="650"><subfield code="a">Troubadourlyrik</subfield><subfield code="2">gnd</subfield><subfield code="0">(DE-588)4061031-7</subfield></datafield><datafield ind1=" " ind2="7" tag="650"><subfield code="a">Altokzitanisch</subfield><subfield code="2">gnd</subfield><subfield code="0">(DE-588)4133909-5</subfield></datafield><datafield ind1=" " ind2="7" tag="655"><subfield code="a">Bibliografie</subfield><subfield code="2">gnd-content</subfield></datafield><datafield ind1=" " ind2="7" tag="655"><subfield code="a">Festschrift</subfield><subfield code="2">gnd-content</subfield></datafield><datafield ind1=" " ind2="7" tag="655"><subfield code="a">Aufsatzsammlung</subfield><subfield code="2">gnd-content</subfield></datafield><datafield ind1=" " ind2="0" tag="830"><subfield code="a">Archivio romanzo</subfield><subfield code="v">37</subfield><subfield code="w">(NEBIS)004266809EBI01</subfield></datafield><datafield ind1=" " ind2="0" tag="830"><subfield code="a">Archivio romanzo</subfield><subfield code="v">37</subfield><subfield code="w">(RERO)R003101475-41slsp</subfield></datafield><datafield ind1="4" ind2="2" tag="856"><subfield code="3">Table des matières</subfield><subfield code="q">PDF</subfield><subfield code="u">https://urn.ub.unibe.ch/urn:ch:slsp:8884509246:ihv:pdf</subfield></datafield><datafield ind1=" " ind2=" " tag="900"><subfield code="a">REROnoselfmerge</subfield></datafield><datafield ind1=" " ind2=" " tag="900"><subfield code="a">OK_GND</subfield><subfield code="x">UZB/Z01/202107/lanz</subfield></datafield><datafield ind1=" " ind2=" " tag="900"><subfield code="a">Stoppsignal FRED</subfield><subfield code="x">UZB/Z01/202107</subfield></datafield><datafield ind1=" " ind2=" " tag="903"><subfield code="a">RERO-SIGN</subfield><subfield code="5">UNIGE/20210104/ols</subfield></datafield><datafield ind1=" " ind2=" " tag="910"><subfield code="a">OCoLC</subfield><subfield code="b">20200915</subfield><subfield code="c">Réutilisation sous conditions: Licence ODC-BY</subfield></datafield><datafield ind1=" " ind2=" " tag="949"><subfield code="a">https://urn.ub.unibe.ch/urn:ch:slsp:8884509246:ihv:pdf</subfield></datafield></record>
</metadata></record>