<record><header><identifier>oai:alma.41SLSP_UGE:991000036119705502</identifier><datestamp>2023-05-23T00:13:41Z</datestamp><setSpec>uge_bcen_RapidILL_BOOK</setSpec><setSpec>uge_aaca_RapidILL_BOOK</setSpec><setSpec>uge_abels_RapidILL_BOOK</setSpec><setSpec>uge_dbu_RapidILL_BOOK</setSpec><setSpec>uge_cmu_RapidILL_BOOK</setSpec><setSpec>uge_mail_RapidILL_BOOK</setSpec><setSpec>uge_abbat_RapidILL_BOOK</setSpec><setSpec>UNIGE_ALL</setSpec><setSpec>uge_aobs_RapidILL_BOOK</setSpec><setSpec>uge_acar_RapidILL_BOOK</setSpec></header><metadata>
<record xmlns="http://www.loc.gov/MARC21/slim" xmlns:xsi="http://www.w3.org/2001/XMLSchema-instance" xsi:schemaLocation="http://www.loc.gov/MARC21/slim http://www.loc.gov/standards/marcxml/schema/MARC21slim.xsd"><leader>02462nam a2200613 c 4500</leader><controlfield tag="001">991000036119705502</controlfield><controlfield tag="005">20230516183813.0</controlfield><controlfield tag="008">201011s1994    gw ||||| |||| 00| ||ger d</controlfield><datafield ind1=" " ind2=" " tag="020"><subfield code="a">3927552208</subfield></datafield><datafield ind1=" " ind2=" " tag="035"><subfield code="a">(swissbib)219109427-41slsp_network</subfield></datafield><datafield ind1=" " ind2=" " tag="035"><subfield code="a">219109427</subfield><subfield code="9">ExL</subfield></datafield><datafield ind1=" " ind2=" " tag="035"><subfield code="a">(RERO)1906449-41slsp</subfield></datafield><datafield ind1=" " ind2=" " tag="035"><subfield code="a">(IDSBB)001087580DSV01</subfield></datafield><datafield ind1=" " ind2=" " tag="035"><subfield code="a">(NEBIS)001430729EBI01</subfield></datafield><datafield ind1=" " ind2=" " tag="035"><subfield code="a">(EXLNZ-41SLSP_NETWORK)991148927119705501</subfield></datafield><datafield ind1=" " ind2=" " tag="040"><subfield code="a">RERO geulsa</subfield><subfield code="d">CH-ZuSLS</subfield></datafield><datafield ind1="0" ind2=" " tag="041"><subfield code="a">ger</subfield><subfield code="a">egy</subfield></datafield><datafield ind1=" " ind2="7" tag="072"><subfield code="a">ha</subfield><subfield code="2">rero</subfield></datafield><datafield ind1=" " ind2="7" tag="072"><subfield code="a">ae</subfield><subfield code="2">SzZuIDS BS/BE</subfield></datafield><datafield ind1="1" ind2="4" tag="082"><subfield code="a">305.520932</subfield><subfield code="2">22</subfield></datafield><datafield ind1="1" ind2="4" tag="082"><subfield code="a">930</subfield><subfield code="2">15</subfield></datafield><datafield ind1=" " ind2=" " tag="084"><subfield code="a">6,21</subfield><subfield code="2">ssgn</subfield></datafield><datafield ind1=" " ind2=" " tag="084"><subfield code="a">NG 3000</subfield><subfield code="2">rvk</subfield></datafield><datafield ind1="1" ind2=" " tag="100"><subfield code="a">Guksch, Heike</subfield><subfield code="d">1943-....</subfield><subfield code="0">(IDREF)081962509</subfield><subfield code="4">cre</subfield></datafield><datafield ind1="1" ind2="0" tag="245"><subfield code="a">Königsdienst</subfield><subfield code="b">zur Selbstdarstellung der Beamten in der 18. Dynastie</subfield><subfield code="c">von Heike Guksch</subfield></datafield><datafield ind1="1" ind2=" " tag="246"><subfield code="a">Beamtentum und König</subfield></datafield><datafield ind1=" " ind2="1" tag="264"><subfield code="a">Heidelberg</subfield><subfield code="b">Heidelberger Orientverlag</subfield><subfield code="c">1994</subfield></datafield><datafield ind1=" " ind2=" " tag="300"><subfield code="a">276 p.</subfield><subfield code="b">fig.</subfield><subfield code="c">30 cm</subfield></datafield><datafield ind1=" " ind2=" " tag="336"><subfield code="b">txt</subfield><subfield code="2">rdacontent</subfield></datafield><datafield ind1=" " ind2=" " tag="337"><subfield code="b">n</subfield><subfield code="2">rdamedia</subfield></datafield><datafield ind1=" " ind2=" " tag="338"><subfield code="b">nc</subfield><subfield code="2">rdacarrier</subfield></datafield><datafield ind1="1" ind2=" " tag="490"><subfield code="a">Studien zur Archäologie und Geschichte Altägyptens</subfield><subfield code="v">11</subfield></datafield><datafield ind1=" " ind2=" " tag="500"><subfield code="a">Titel der Diss.: Beamtentum und König</subfield></datafield><datafield ind1=" " ind2=" " tag="502"><subfield code="a">Zugl.: Überarb. Diss. Fak. für Orientalistik und Altertumswiss. Heidelberg, 1986</subfield></datafield><datafield ind1=" " ind2=" " tag="502"><subfield code="a">Ueberarb. Diss., urspr. u.d.T.: Beamtentum und König, Univ. Heidelberg, 1986</subfield></datafield><datafield ind1=" " ind2=" " tag="504"><subfield code="a">Literaturverz.</subfield></datafield><datafield ind1=" " ind2="7" tag="648"><subfield code="a">Geschichte</subfield><subfield code="2">idszbz</subfield></datafield><datafield ind1=" " ind2="7" tag="648"><subfield code="a">Geschichte 2000 v.Chr.-1000 v.Chr</subfield><subfield code="2">idszbz</subfield></datafield><datafield ind1=" " ind2="7" tag="648"><subfield code="a">Geschichte 1552 v. Chr.-1306 v. Chr</subfield><subfield code="2">gnd</subfield></datafield><datafield ind1=" " ind2="7" tag="650"><subfield code="a">roi</subfield><subfield code="0">(RERO)A009952129</subfield><subfield code="2">rerovoc</subfield></datafield><datafield ind1=" " ind2="7" tag="650"><subfield code="a">Fonctionnaires</subfield><subfield code="0">(IDREF)027792765</subfield><subfield code="2">idref</subfield></datafield><datafield ind1=" " ind2="7" tag="650"><subfield code="a">Inschrift</subfield><subfield code="z">ägyptische</subfield><subfield code="v">Text</subfield><subfield code="2">idsbb</subfield></datafield><datafield ind1=" " ind2="7" tag="650"><subfield code="a">Beamte</subfield><subfield code="z">Ägypten (altes)</subfield><subfield code="2">idsbb</subfield></datafield><datafield ind1=" " ind2="7" tag="650"><subfield code="a">Beamter</subfield><subfield code="2">idszbz</subfield></datafield><datafield ind1=" " ind2="7" tag="650"><subfield code="a">Selbstdarstellung</subfield><subfield code="2">idszbz</subfield></datafield><datafield ind1=" " ind2="7" tag="650"><subfield code="a">Selbstdarstellung</subfield><subfield code="0">(DE-588)4122349-4</subfield><subfield code="2">gnd</subfield></datafield><datafield ind1=" " ind2="7" tag="651"><subfield code="a">Égypte</subfield><subfield code="y">Jusqu'à 640</subfield><subfield code="0">(IDREF)027772195</subfield><subfield code="2">idref</subfield></datafield><datafield ind1=" " ind2="7" tag="651"><subfield code="a">Ägypten (Altertum)</subfield><subfield code="2">idszbz</subfield></datafield><datafield ind1=" " ind2="0" tag="651"><subfield code="a">Egypt</subfield><subfield code="x">History</subfield><subfield code="y">Eighteenth dynasty, ca. 1570-1320 B.C</subfield></datafield><datafield ind1=" " ind2="0" tag="651"><subfield code="a">Egypt</subfield><subfield code="x">Officials and employees</subfield></datafield><datafield ind1=" " ind2="7" tag="655"><subfield code="a">Hochschulschrift</subfield><subfield code="2">gnd-content</subfield></datafield><datafield ind1=" " ind2="7" tag="651"><subfield code="a">Égypte</subfield><subfield code="y">ca. 1550-ca. 1069 av. J.-C. (Nouvel Empire)</subfield><subfield code="0">(IDREF)027926281</subfield><subfield code="2">idref</subfield></datafield><datafield ind1="1" ind2="2" tag="700"><subfield code="a">Guksch, Heike</subfield><subfield code="t">Beamtentum und König</subfield></datafield><datafield ind1=" " ind2="0" tag="830"><subfield code="a">Studien zur Archäologie und Geschichte Altägyptens</subfield><subfield code="v">11</subfield><subfield code="w">(NEBIS)000997601EBI01</subfield></datafield><datafield ind1=" " ind2="0" tag="830"><subfield code="a">Studien zur Archäologie und Geschichte Altägyptens</subfield><subfield code="v">11</subfield><subfield code="w">(RERO)1566906-41slsp</subfield></datafield></record>
</metadata></record>