<record><header><identifier>oai:alma.41SLSP_UGE:991000036529705502</identifier><datestamp>2023-03-01T01:08:53Z</datestamp><setSpec>uge_bcen_RapidILL_BOOK</setSpec><setSpec>uge_aaca_RapidILL_BOOK</setSpec><setSpec>uge_abels_RapidILL_BOOK</setSpec><setSpec>uge_dbu_RapidILL_BOOK</setSpec><setSpec>uge_cmu_RapidILL_BOOK</setSpec><setSpec>uge_mail_RapidILL_BOOK</setSpec><setSpec>UNIGE_ALL</setSpec><setSpec>uge_abbat_RapidILL_BOOK</setSpec><setSpec>uge_aobs_RapidILL_BOOK</setSpec><setSpec>uge_acar_RapidILL_BOOK</setSpec></header><metadata>
<record xmlns="http://www.loc.gov/MARC21/slim" xmlns:xsi="http://www.w3.org/2001/XMLSchema-instance" xsi:schemaLocation="http://www.loc.gov/MARC21/slim http://www.loc.gov/standards/marcxml/schema/MARC21slim.xsd"><leader>02292nam a2200565 c 4500</leader><controlfield tag="001">991000036529705502</controlfield><controlfield tag="005">20211119185620.0</controlfield><controlfield tag="008">201012s1972    gw ||||| |||| 00| ||ger d</controlfield><datafield ind1=" " ind2=" " tag="020"><subfield code="a">3406026176</subfield></datafield><datafield ind1=" " ind2=" " tag="035"><subfield code="a">(swissbib)242579337-41slsp_network</subfield></datafield><datafield ind1=" " ind2=" " tag="035"><subfield code="a">242579337</subfield><subfield code="9">ExL</subfield></datafield><datafield ind1=" " ind2=" " tag="035"><subfield code="a">(RERO)0676008-41slsp</subfield></datafield><datafield ind1=" " ind2=" " tag="035"><subfield code="a">(NEBIS)002879163EBI01</subfield></datafield><datafield ind1=" " ind2=" " tag="035"><subfield code="a">(IDSBB)000572591DSV01</subfield></datafield><datafield ind1=" " ind2=" " tag="035"><subfield code="a">(EXLNZ-41SLSP_NETWORK)991090125329705501</subfield></datafield><datafield ind1=" " ind2=" " tag="040"><subfield code="a">RERO geubfd</subfield><subfield code="d">CH-ZuSLS</subfield></datafield><datafield ind1=" " ind2="7" tag="072"><subfield code="a">dr</subfield><subfield code="2">rero</subfield></datafield><datafield ind1=" " ind2="7" tag="072"><subfield code="a">ra</subfield><subfield code="2">SzZuIDS BS/BE</subfield></datafield><datafield ind1="0" ind2="0" tag="082"><subfield code="a">346.43/064</subfield><subfield code="a">344.30664</subfield><subfield code="2">20</subfield></datafield><datafield ind1="0" ind2="4" tag="082"><subfield code="a">346.11120943</subfield></datafield><datafield ind1="1" ind2="4" tag="082"><subfield code="a">340</subfield><subfield code="2">15</subfield></datafield><datafield ind1=" " ind2=" " tag="084"><subfield code="a">CA/D 65.2 g</subfield><subfield code="2">cjurrom</subfield></datafield><datafield ind1="1" ind2=" " tag="100"><subfield code="a">Sauter, Eugen</subfield><subfield code="d">1964-</subfield><subfield code="0">(DE-588)123287987</subfield><subfield code="6">880-01</subfield></datafield><datafield ind1="1" ind2=" " tag="880"><subfield code="a">Sauter, Eugen</subfield><subfield code="0">(RERO)A003788535</subfield><subfield code="4">cre</subfield><subfield code="6">100-01</subfield></datafield><datafield ind1="1" ind2="0" tag="245"><subfield code="a">&lt;&lt;Der&gt;&gt; eingetragene Verein</subfield><subfield code="b">eine gemeinverständliche Erläuterung des Vereinsrechts unter besonderer Berücksichtigung der neuesten Rechtsprechung</subfield><subfield code="c">begründet von Eugen Sauter ; fortgeführt von Gerhard Schweyer</subfield></datafield><datafield ind1=" " ind2=" " tag="250"><subfield code="a">8., neubearb. und erw. Aufl.</subfield></datafield><datafield ind1=" " ind2="1" tag="264"><subfield code="a">München</subfield><subfield code="b">C.H. Beck</subfield><subfield code="c">1972</subfield></datafield><datafield ind1=" " ind2=" " tag="300"><subfield code="a">XVIII, 323 p.</subfield><subfield code="c">23 cm</subfield></datafield><datafield ind1=" " ind2=" " tag="336"><subfield code="b">txt</subfield><subfield code="2">rdacontent</subfield></datafield><datafield ind1=" " ind2=" " tag="337"><subfield code="b">n</subfield><subfield code="2">rdamedia</subfield></datafield><datafield ind1=" " ind2=" " tag="338"><subfield code="b">nc</subfield><subfield code="2">rdacarrier</subfield></datafield><datafield ind1=" " ind2=" " tag="500"><subfield code="a">Auf dem Umschlag: Sauter-Schweyer</subfield></datafield><datafield ind1=" " ind2=" " tag="504"><subfield code="a">Bibliogr</subfield></datafield><datafield ind1=" " ind2="7" tag="650"><subfield code="a">association (droit)</subfield><subfield code="0">(RERO)A009962542</subfield><subfield code="2">rerovoc</subfield></datafield><datafield ind1=" " ind2="7" tag="650"><subfield code="a">Eingetragener Verein</subfield><subfield code="0">(DE-588)4151291-1</subfield><subfield code="2">gnd</subfield></datafield><datafield ind1=" " ind2="7" tag="650"><subfield code="a">Vereinsrecht</subfield><subfield code="0">(DE-588)4062768-8</subfield><subfield code="2">gnd</subfield></datafield><datafield ind1=" " ind2="0" tag="650"><subfield code="a">Associations, institutions, etc</subfield><subfield code="x">Law and legislation</subfield><subfield code="z">Germany</subfield></datafield><datafield ind1=" " ind2="0" tag="650"><subfield code="a">Nonprofit organizations</subfield><subfield code="x">Law and legislation</subfield><subfield code="z">Germany</subfield></datafield><datafield ind1=" " ind2="0" tag="650"><subfield code="a">Nonprofit organizations</subfield><subfield code="x">Law and legislation</subfield><subfield code="z">Germany (West)</subfield></datafield><datafield ind1=" " ind2="0" tag="650"><subfield code="a">Nonprofit organizations</subfield><subfield code="z">Germany (West)</subfield></datafield><datafield ind1=" " ind2="4" tag="650"><subfield code="a">Eingetragener Verein</subfield></datafield><datafield ind1=" " ind2="4" tag="650"><subfield code="a">Vereinsrecht</subfield></datafield><datafield ind1=" " ind2="7" tag="651"><subfield code="a">Allemagne (République fédérale)</subfield><subfield code="0">(IDREF)027259234</subfield><subfield code="2">idref</subfield></datafield><datafield ind1=" " ind2="7" tag="651"><subfield code="a">Deutschland</subfield><subfield code="g">Bundesrepublik</subfield><subfield code="0">(DE-588)4011889-7</subfield><subfield code="2">gnd</subfield></datafield><datafield ind1=" " ind2="4" tag="651"><subfield code="a">Deutschland</subfield></datafield><datafield ind1=" " ind2=" " tag="690"><subfield code="a">Deutschland / Recht / Privatrecht / Allgemeiner Teil / Einzelnes</subfield><subfield code="2">uzb-Z9</subfield></datafield><datafield ind1=" " ind2=" " tag="690"><subfield code="a">Vereinsrecht / Einzelne Gebiete und Orte / Deutschland</subfield><subfield code="2">uzb-Z9</subfield></datafield><datafield ind1="1" ind2=" " tag="700"><subfield code="a">Schweyer, Gerhard</subfield><subfield code="0">(DE-588)107847809</subfield><subfield code="6">880-02</subfield></datafield><datafield ind1="1" ind2=" " tag="880"><subfield code="a">Schweyer, Gerhard</subfield><subfield code="0">(RERO)A003813391</subfield><subfield code="6">700-02</subfield></datafield><datafield ind1=" " ind2=" " tag="900"><subfield code="a">REROnoselfmerge</subfield></datafield><datafield ind1=" " ind2=" " tag="900"><subfield code="a">IDSZRMedeaZBZ</subfield></datafield></record>
</metadata></record>