<record><header><identifier>oai:alma.41SLSP_UGE:991000036239705502</identifier><datestamp>2023-03-28T00:13:47Z</datestamp><setSpec>uge_bcen_RapidILL_BOOK</setSpec><setSpec>uge_aaca_RapidILL_BOOK</setSpec><setSpec>uge_abels_RapidILL_BOOK</setSpec><setSpec>uge_dbu_RapidILL_BOOK</setSpec><setSpec>uge_cmu_RapidILL_BOOK</setSpec><setSpec>uge_mail_RapidILL_BOOK</setSpec><setSpec>uge_abbat_RapidILL_BOOK</setSpec><setSpec>UNIGE_ALL</setSpec><setSpec>uge_aobs_RapidILL_BOOK</setSpec><setSpec>uge_acar_RapidILL_BOOK</setSpec></header><metadata>
<record xmlns="http://www.loc.gov/MARC21/slim" xmlns:xsi="http://www.w3.org/2001/XMLSchema-instance" xsi:schemaLocation="http://www.loc.gov/MARC21/slim http://www.loc.gov/standards/marcxml/schema/MARC21slim.xsd"><leader>05663nam a2200889 c 4500</leader><controlfield tag="001">991000036239705502</controlfield><controlfield tag="005">20230327181610.0</controlfield><controlfield tag="008">201011s2002    xxk||||| |||| 10| ||eng d</controlfield><datafield ind1=" " ind2=" " tag="010"><subfield code="a">2001007466</subfield></datafield><datafield ind1=" " ind2=" " tag="015"><subfield code="a">GBA2-26837</subfield></datafield><datafield ind1="7" ind2=" " tag="016"><subfield code="a">1859735649</subfield><subfield code="2">Uk</subfield></datafield><datafield ind1=" " ind2=" " tag="020"><subfield code="a">1859735649</subfield><subfield code="q">cased</subfield><subfield code="c">£42.99</subfield></datafield><datafield ind1=" " ind2=" " tag="020"><subfield code="a">185973569X</subfield><subfield code="q">pbk.</subfield><subfield code="c">£14.99</subfield></datafield><datafield ind1=" " ind2=" " tag="035"><subfield code="a">(swissbib)219693447-41slsp_network</subfield></datafield><datafield ind1=" " ind2=" " tag="035"><subfield code="a">219693447</subfield><subfield code="9">ExL</subfield></datafield><datafield ind1=" " ind2=" " tag="035"><subfield code="a">(RERO)R003174956-41slsp</subfield></datafield><datafield ind1=" " ind2=" " tag="035"><subfield code="a">(IDSBB)002589932DSV01</subfield></datafield><datafield ind1=" " ind2=" " tag="035"><subfield code="a">(NEBIS)004248326EBI01</subfield></datafield><datafield ind1=" " ind2=" " tag="035"><subfield code="a">(EXLNZ-41SLSP_NETWORK)991125789249705501</subfield></datafield><datafield ind1=" " ind2=" " tag="040"><subfield code="a">RERO geulhg</subfield><subfield code="d">CH-ZuSLS</subfield></datafield><datafield ind1=" " ind2=" " tag="050"><subfield code="a">GN495.6</subfield><subfield code="b">.L35 2002</subfield></datafield><datafield ind1=" " ind2="7" tag="072"><subfield code="a">et</subfield><subfield code="2">rero</subfield></datafield><datafield ind1=" " ind2="7" tag="072"><subfield code="a">et</subfield><subfield code="2">SzZuIDS BS/BE</subfield></datafield><datafield ind1=" " ind2="7" tag="072"><subfield code="a">po</subfield><subfield code="2">SzZuIDS BS/BE</subfield></datafield><datafield ind1="0" ind2="0" tag="082"><subfield code="a">305.8</subfield><subfield code="2">21</subfield></datafield><datafield ind1="0" ind2="4" tag="082"><subfield code="a">307.76/0943</subfield></datafield><datafield ind1="1" ind2="4" tag="082"><subfield code="a">305.8</subfield><subfield code="2">20</subfield></datafield><datafield ind1="1" ind2="4" tag="082"><subfield code="a">320</subfield><subfield code="2">15</subfield></datafield><datafield ind1=" " ind2=" " tag="084"><subfield code="a">MB 3050</subfield><subfield code="2">rvk</subfield></datafield><datafield ind1="0" ind2="0" tag="245"><subfield code="a">Land and territoriality</subfield><subfield code="c">ed. by Michael Saltman</subfield></datafield><datafield ind1=" " ind2="1" tag="264"><subfield code="a">Oxford [etc.]</subfield><subfield code="b">Berg</subfield><subfield code="c">2002</subfield></datafield><datafield ind1=" " ind2=" " tag="300"><subfield code="a">VI, 217 p.</subfield><subfield code="b">maps, tabl.</subfield><subfield code="c">24 cm</subfield></datafield><datafield ind1=" " ind2=" " tag="336"><subfield code="b">txt</subfield><subfield code="2">rdacontent</subfield></datafield><datafield ind1=" " ind2=" " tag="337"><subfield code="b">n</subfield><subfield code="2">rdamedia</subfield></datafield><datafield ind1=" " ind2=" " tag="338"><subfield code="b">nc</subfield><subfield code="2">rdacarrier</subfield></datafield><datafield ind1="1" ind2=" " tag="490"><subfield code="a">Ethnicity and identities series</subfield></datafield><datafield ind1=" " ind2=" " tag="500"><subfield code="a">&quot;Most of the papers of this book derive from presentations at the ongoing seminar series on Ethnicity and Identity at the Institute of Social and Cultural Anthropology at Oxford University.&quot;. - P. VI</subfield></datafield><datafield ind1=" " ind2=" " tag="504"><subfield code="a">Includes bibliographical references and index</subfield></datafield><datafield ind1="0" ind2=" " tag="505"><subfield code="a">1. Introduction. - 2. Culture and Politics in the Aboriginal Landscape: Reflections on the Identification of Culturally Significant Places in Western North America / Dorothy Kennedy. - 3. The Time When the Majority in the Israeli &quot;Cabinet&quot; Decided &quot;Not to Block the Possibility of the Return of the Arab Refugees&quot;, and How and Why this Policy was Defeated / Shulamit Carmi and Henry Rosenfeld. - 4. All That Fuss Over 100 Houses: Identities and Moralities of Building on Land / Simone Abram. - 5. Out of Place: Symbolic Domains, Religious Rights and the Cultural Contract / Davina Cooper. - 6. Ritual Distances, Territorial Divisions: Land, power and Identity in Central Nepal / Joanna Pfaff-Czarnecka. - 7. Imitating ethnicity: Land, Territoriality and Identity in a Swazi Christian Church / Fiona Armitage. - 8. From Cattle Herding to Cultivation - From Territoriality to Land / Michael Saltman. - 9. Land Territory and Identity in the Deterritorialized Transnational Caribbean / Jean Besson</subfield></datafield><datafield ind1="8" ind2=" " tag="520"><subfield code="a">4e de couv.: In the past, territorial conflict usually involved major powers seeking hegemony over strategic spaces and resources. More recently, however, the decline of opposing global power blocs has elevated ethnicity to a prime cause of conflict over land. This book considers the multiple roles ethnicity plays in fostering territorial conflicts, both violent and non-violent, across the globe. While land disputes relating to nationalism have resulted in the loss of human life in some regions, in others ties between ethnicity and land are asserted more peacefully. Nationalism and challenges to the validity of the links between people and places have caused widespread bloodshed in the disputed territory of Palestine, involving competing claims of Arabs and Jews, have led to war. In North America, however, indigenous Indians' claims to land are settled in the courts, rather than through violence. This book shows how human behaviour is affected by the multiple ways in which people identify with land, topography and natural resources. In doing so, it highlights the growing trend towards defining physical space in specific ethnic contexts, associated with a contemporary world that facilitates global movement.</subfield><subfield code="5">RERO/neueth/12.2016</subfield></datafield><datafield ind1=" " ind2="7" tag="650"><subfield code="a">Territorialité humaine</subfield><subfield code="0">(IDREF)029218667</subfield><subfield code="2">idref</subfield></datafield><datafield ind1=" " ind2="7" tag="650"><subfield code="a">Ethnicité</subfield><subfield code="0">(IDREF)027296571</subfield><subfield code="2">idref</subfield></datafield><datafield ind1=" " ind2="7" tag="650"><subfield code="a">Identité collective</subfield><subfield code="0">(IDREF)029251133</subfield><subfield code="2">idref</subfield></datafield><datafield ind1=" " ind2="7" tag="650"><subfield code="a">Ethnologie</subfield><subfield code="0">(IDREF)02729661X</subfield><subfield code="2">idref</subfield></datafield><datafield ind1=" " ind2="7" tag="650"><subfield code="a">Anthropologie</subfield><subfield code="0">(IDREF)027295370</subfield><subfield code="2">idref</subfield></datafield><datafield ind1=" " ind2="7" tag="650"><subfield code="a">identité</subfield><subfield code="0">(RERO)A010097856</subfield><subfield code="2">rerovoc</subfield></datafield><datafield ind1=" " ind2="7" tag="650"><subfield code="a">territorialité</subfield><subfield code="0">(RERO)A010157224</subfield><subfield code="2">rerovoc</subfield></datafield><datafield ind1=" " ind2="7" tag="650"><subfield code="a">conflit</subfield><subfield code="0">(RERO)A010067675</subfield><subfield code="2">rerovoc</subfield></datafield><datafield ind1=" " ind2="7" tag="650"><subfield code="a">territoire</subfield><subfield code="0">(RERO)A010032386</subfield><subfield code="2">rerovoc</subfield></datafield><datafield ind1=" " ind2="7" tag="650"><subfield code="a">Geographischer Raum</subfield><subfield code="x">Identität</subfield><subfield code="2">idsbb</subfield></datafield><datafield ind1=" " ind2="7" tag="650"><subfield code="a">Identität</subfield><subfield code="x">Geographischer Raum</subfield><subfield code="2">idsbb</subfield></datafield><datafield ind1=" " ind2="0" tag="650"><subfield code="a">Ethnicity</subfield></datafield><datafield ind1=" " ind2="0" tag="650"><subfield code="a">Ethnic conflict</subfield></datafield><datafield ind1=" " ind2="0" tag="650"><subfield code="a">Human territoriality</subfield></datafield><datafield ind1=" " ind2="0" tag="650"><subfield code="a">Genocide</subfield></datafield><datafield ind1=" " ind2="7" tag="650"><subfield code="a">Ethnizität</subfield><subfield code="2">idszbz</subfield></datafield><datafield ind1=" " ind2="7" tag="650"><subfield code="a">Territorium</subfield><subfield code="2">idszbz</subfield></datafield><datafield ind1=" " ind2="0" tag="650"><subfield code="a">Territorial expansion</subfield></datafield><datafield ind1=" " ind2="7" tag="650"><subfield code="a">Ethnizität</subfield><subfield code="0">(DE-588)4220764-2</subfield><subfield code="2">gnd</subfield></datafield><datafield ind1=" " ind2="7" tag="650"><subfield code="a">Kulturvergleich</subfield><subfield code="0">(DE-588)4114328-0</subfield><subfield code="2">gnd</subfield></datafield><datafield ind1=" " ind2="7" tag="650"><subfield code="a">Territorialverhalten</subfield><subfield code="0">(DE-588)4059531-6</subfield><subfield code="2">gnd</subfield></datafield><datafield ind1=" " ind2="0" tag="650"><subfield code="a">Economic relations</subfield><subfield code="x">Social aspects</subfield></datafield><datafield ind1=" " ind2="0" tag="650"><subfield code="a">Etnnicity</subfield></datafield><datafield ind1=" " ind2="7" tag="655"><subfield code="a">Actes de congrès</subfield><subfield code="0">(IDREF)02886431X</subfield><subfield code="2">idref</subfield></datafield><datafield ind1=" " ind2="7" tag="655"><subfield code="a">Aufsatzsammlung</subfield><subfield code="2">idszbz</subfield></datafield><datafield ind1=" " ind2="7" tag="655"><subfield code="a">Aufsatzsammlung</subfield><subfield code="2">gnd-content</subfield></datafield><datafield ind1=" " ind2=" " tag="690"><subfield code="a">311</subfield><subfield code="d">Land use - Bodennutzung</subfield><subfield code="2">uzb-UI</subfield></datafield><datafield ind1=" " ind2=" " tag="690"><subfield code="a">186</subfield><subfield code="d">Ethnocentrism - Ethnozentrismus</subfield><subfield code="2">uzb-UI</subfield></datafield><datafield ind1=" " ind2=" " tag="690"><subfield code="a">563</subfield><subfield code="d">Ethnic stratification - ethnische Gliederung</subfield><subfield code="2">uzb-UI</subfield></datafield><datafield ind1=" " ind2=" " tag="690"><subfield code="a">721</subfield><subfield code="d">Instigation of war - Kriegsanlass</subfield><subfield code="2">uzb-UI</subfield></datafield><datafield ind1=" " ind2=" " tag="690"><subfield code="a">641</subfield><subfield code="d">Citizenship - Staatsbürgerschaft</subfield><subfield code="2">uzb-UI</subfield></datafield><datafield ind1="1" ind2=" " tag="700"><subfield code="a">Saltman, Michael</subfield><subfield code="0">(IDREF)067639984</subfield></datafield><datafield ind1="2" ind2=" " tag="710"><subfield code="a">Institute of social and cultural anthropology</subfield><subfield code="g">Oxford, GB</subfield><subfield code="0">(IDREF)099267446</subfield></datafield><datafield ind1="4" ind2=" " tag="856"><subfield code="3">Inhaltsverzeichnis</subfield><subfield code="u">http://www.ub.unibas.ch/tox/HBZ/HT013308478/PDF</subfield><subfield code="q">pdf</subfield></datafield><datafield ind1=" " ind2=" " tag="830"><subfield code="a">Ethnic identities</subfield><subfield code="w">(RERO)1741507-41slsp</subfield></datafield><datafield ind1=" " ind2=" " tag="900"><subfield code="a">REROnoselfmerge</subfield></datafield><datafield ind1=" " ind2=" " tag="900"><subfield code="a">IDSZ2zbzmon200205f</subfield><subfield code="c">IDSZ2hilb</subfield><subfield code="d">IDSZ2zbzswk200207b</subfield><subfield code="e">IDSZ2hang</subfield></datafield><datafield ind1=" " ind2=" " tag="949"><subfield code="a">http://www.ub.unibas.ch/tox/HBZ/HT013308478/PDF</subfield></datafield></record>
</metadata></record>