<record><header><identifier>oai:alma.41SLSP_UGE:991000014939705502</identifier><datestamp>2023-04-10T00:15:34Z</datestamp><setSpec>uge_bcen_RapidILL_BOOK</setSpec><setSpec>uge_aaca_RapidILL_BOOK</setSpec><setSpec>uge_abels_RapidILL_BOOK</setSpec><setSpec>uge_dbu_RapidILL_BOOK</setSpec><setSpec>uge_cmu_RapidILL_BOOK</setSpec><setSpec>uge_mail_RapidILL_BOOK</setSpec><setSpec>uge_abbat_RapidILL_BOOK</setSpec><setSpec>UNIGE_ALL</setSpec><setSpec>uge_acar_RapidILL_BOOK</setSpec><setSpec>uge_aobs_RapidILL_BOOK</setSpec></header><metadata>
<record xmlns="http://www.loc.gov/MARC21/slim" xmlns:xsi="http://www.w3.org/2001/XMLSchema-instance" xsi:schemaLocation="http://www.loc.gov/MARC21/slim http://www.loc.gov/standards/marcxml/schema/MARC21slim.xsd"><leader>02423nam a2200457 c 4500</leader><controlfield tag="001">991000014939705502</controlfield><controlfield tag="005">20230409171518.0</controlfield><controlfield tag="008">201012s2002    it            00| | ita  </controlfield><datafield ind1=" " ind2=" " tag="035"><subfield code="a">(swissbib)238313239-41slsp_network</subfield></datafield><datafield ind1=" " ind2=" " tag="035"><subfield code="a">238313239</subfield><subfield code="9">ExL</subfield></datafield><datafield ind1=" " ind2=" " tag="035"><subfield code="a">(IDSBB)003596668DSV01</subfield></datafield><datafield ind1=" " ind2=" " tag="035"><subfield code="a">(RERO)R003728942-41slsp</subfield></datafield><datafield ind1=" " ind2=" " tag="035"><subfield code="a">(NEBIS)004842583EBI01</subfield></datafield><datafield ind1=" " ind2=" " tag="035"><subfield code="a">(EXLNZ-41SLSP_NETWORK)991010574219705501</subfield></datafield><datafield ind1=" " ind2=" " tag="040"><subfield code="a">SzZuIDS BS/BE B575</subfield><subfield code="e">kids</subfield><subfield code="d">CH-ZuSLS</subfield></datafield><datafield ind1=" " ind2="7" tag="072"><subfield code="a">ar</subfield><subfield code="2">rero</subfield></datafield><datafield ind1="0" ind2="0" tag="245"><subfield code="a">&lt;&lt;Le&gt;&gt; ceramiche impresse nel neolitico antico</subfield><subfield code="b">Italia e Mediterraneo</subfield><subfield code="c">a cura di M.A. Fugazzola Delpino ... [et al.] ; Ministero per i Beni e le Attività Culturali, Soprintendenza Speciale al Museo Nazionale Preistorico Etnografico &quot;Luigi Pigorini&quot;</subfield></datafield><datafield ind1=" " ind2="1" tag="264"><subfield code="a">Roma</subfield><subfield code="b">Istituto Poligrafico e Zecca dello Stato</subfield><subfield code="c">2002</subfield></datafield><datafield ind1=" " ind2=" " tag="300"><subfield code="a">XII, 832 p.</subfield><subfield code="b">ill. en noir et en coul.</subfield><subfield code="c">30 cm</subfield></datafield><datafield ind1=" " ind2=" " tag="336"><subfield code="b">txt</subfield><subfield code="2">rdacontent</subfield></datafield><datafield ind1=" " ind2=" " tag="337"><subfield code="b">n</subfield><subfield code="2">rdamedia</subfield></datafield><datafield ind1=" " ind2=" " tag="338"><subfield code="b">nc</subfield><subfield code="2">rdacarrier</subfield></datafield><datafield ind1="1" ind2=" " tag="490"><subfield code="a">Studi di paletnologia</subfield><subfield code="v">1</subfield></datafield><datafield ind1=" " ind2="7" tag="650"><subfield code="a">Céramique</subfield><subfield code="0">(IDREF)027277399</subfield><subfield code="2">idref</subfield></datafield><datafield ind1=" " ind2="7" tag="650"><subfield code="a">Néolithique ancien</subfield><subfield code="0">(IDREF)035569867</subfield><subfield code="2">idref</subfield></datafield><datafield ind1=" " ind2="7" tag="650"><subfield code="a">Impresso-Cardial (culture)</subfield><subfield code="0">(RERO)A018868869</subfield><subfield code="2">rerovoc</subfield></datafield><datafield ind1=" " ind2="7" tag="650"><subfield code="a">ARCHÄOLOGISCHE FELDARBEIT + ARCHÄOLOGISCHE FUNDORTE</subfield><subfield code="9">ger</subfield><subfield code="0">(ETHUDK)000036557</subfield><subfield code="2">ethudk</subfield></datafield><datafield ind1=" " ind2="7" tag="650"><subfield code="a">ARCHÄOLOGISCHE FÜHRER</subfield><subfield code="9">ger</subfield><subfield code="0">(ETHUDK)000009246</subfield><subfield code="2">ethudk</subfield></datafield><datafield ind1=" " ind2="7" tag="650"><subfield code="a">ITALIEN (SÜDEUROPA). REPUBLIK ITALIEN</subfield><subfield code="9">ger</subfield><subfield code="0">(ETHUDK)000003602</subfield><subfield code="2">ethudk</subfield></datafield><datafield ind1=" " ind2="7" tag="650"><subfield code="a">KERAMIKFUNDE (ARCHAEOLOGIE, HISTOR.)</subfield><subfield code="9">ger</subfield><subfield code="0">(ETHUDK)000040369</subfield><subfield code="2">ethudk</subfield></datafield><datafield ind1=" " ind2="7" tag="650"><subfield code="a">KERAMIKHERSTELLUNG + TÖPFEREITECHNIK (ARCHAEOLOGIE)</subfield><subfield code="9">ger</subfield><subfield code="0">(ETHUDK)000036575</subfield><subfield code="2">ethudk</subfield></datafield><datafield ind1=" " ind2="7" tag="650"><subfield code="a">MITTELMEERGEBIET (PHYSIOGEOGRAPHISCHE ORTE)</subfield><subfield code="9">ger</subfield><subfield code="0">(ETHUDK)000001601</subfield><subfield code="2">ethudk</subfield></datafield><datafield ind1=" " ind2="7" tag="650"><subfield code="a">NEOLITHIKUM (EPOCHEN)</subfield><subfield code="9">ger</subfield><subfield code="0">(ETHUDK)000008933</subfield><subfield code="2">ethudk</subfield></datafield><datafield ind1=" " ind2="7" tag="650"><subfield code="a">VORGESCHICHTLICHE INDUSTRIE + VORGESCHICHTLICHE WERKSTAETTEN</subfield><subfield code="9">ger</subfield><subfield code="0">(ETHUDK)000044066</subfield><subfield code="2">ethudk</subfield></datafield><datafield ind1=" " ind2="7" tag="651"><subfield code="a">Méditerranée (région)</subfield><subfield code="0">(IDREF)027237664</subfield><subfield code="2">idref</subfield></datafield><datafield ind1=" " ind2="7" tag="651"><subfield code="a">Italie</subfield><subfield code="0">(IDREF)027235408</subfield><subfield code="2">idref</subfield></datafield><datafield ind1="1" ind2=" " tag="700"><subfield code="a">Fugazzola Delpino, Maria Antonietta</subfield><subfield code="c">archéologue</subfield><subfield code="0">(IDREF)033984255</subfield></datafield><datafield ind1="2" ind2=" " tag="710"><subfield code="a">Museo Nazionale Preistorico-Etnografico Luigi Pigorini</subfield><subfield code="0">(DE-588)1048748154</subfield></datafield><datafield ind1="1" ind2=" " tag="710"><subfield code="a">Italien</subfield><subfield code="b">Ministero per i beni e le attività culturali</subfield><subfield code="0">(DE-588)5541509-X</subfield></datafield><datafield ind1=" " ind2=" " tag="830"><subfield code="a">Studi di paletnologia</subfield><subfield code="v">1</subfield><subfield code="w">(IDSBB)003596664DSV01</subfield></datafield><datafield ind1=" " ind2=" " tag="830"><subfield code="a">Studi di paletnologia</subfield><subfield code="v">1</subfield><subfield code="w">(NEBIS)004842564EBI01</subfield></datafield><datafield ind1=" " ind2=" " tag="900"><subfield code="a">REROnoselfmerge</subfield></datafield></record>
</metadata></record>