<record><header><identifier>oai:alma.41SLSP_UGE:991000036339705502</identifier><datestamp>2023-03-01T01:08:53Z</datestamp><setSpec>uge_bcen_RapidILL_BOOK</setSpec><setSpec>uge_aaca_RapidILL_BOOK</setSpec><setSpec>uge_abels_RapidILL_BOOK</setSpec><setSpec>uge_dbu_RapidILL_BOOK</setSpec><setSpec>uge_cmu_RapidILL_BOOK</setSpec><setSpec>uge_mail_RapidILL_BOOK</setSpec><setSpec>UNIGE_ALL</setSpec><setSpec>uge_abbat_RapidILL_BOOK</setSpec><setSpec>uge_aobs_RapidILL_BOOK</setSpec><setSpec>uge_acar_RapidILL_BOOK</setSpec></header><metadata>
<record xmlns="http://www.loc.gov/MARC21/slim" xmlns:xsi="http://www.w3.org/2001/XMLSchema-instance" xsi:schemaLocation="http://www.loc.gov/MARC21/slim http://www.loc.gov/standards/marcxml/schema/MARC21slim.xsd"><leader>03635nam a2200937 c 4500</leader><controlfield tag="001">991000036339705502</controlfield><controlfield tag="005">20230205204006.0</controlfield><controlfield tag="008">201012s2004    gw ||||| |||| 00| ||ger d</controlfield><datafield ind1=" " ind2=" " tag="015"><subfield code="a">GFR-CIP-04,N08,0596</subfield><subfield code="a">DNB-04,A39,0451</subfield></datafield><datafield ind1="7" ind2=" " tag="016"><subfield code="a">96995624X</subfield><subfield code="2">GyFmDB</subfield></datafield><datafield ind1=" " ind2=" " tag="019"><subfield code="a">Savigny, Friedrich Carl von (1779-1861) / Grieder</subfield></datafield><datafield ind1=" " ind2=" " tag="020"><subfield code="a">3465033345</subfield><subfield code="q">kart.</subfield><subfield code="c">EUR 54.00</subfield></datafield><datafield ind1=" " ind2=" " tag="035"><subfield code="a">(swissbib)234094230-41slsp_network</subfield></datafield><datafield ind1=" " ind2=" " tag="035"><subfield code="a">234094230</subfield><subfield code="9">ExL</subfield></datafield><datafield ind1=" " ind2=" " tag="035"><subfield code="a">(RERO)R003712037-41slsp</subfield></datafield><datafield ind1=" " ind2=" " tag="035"><subfield code="a">(IDSLU)000403853ILU01</subfield></datafield><datafield ind1=" " ind2=" " tag="035"><subfield code="a">(IDSBB)003335634DSV01</subfield></datafield><datafield ind1=" " ind2=" " tag="035"><subfield code="a">(NEBIS)004768290EBI01</subfield></datafield><datafield ind1=" " ind2=" " tag="035"><subfield code="a">(DDB)96995624X</subfield></datafield><datafield ind1=" " ind2=" " tag="035"><subfield code="a">(EXLNZ-41SLSP_NETWORK)991063660179705501</subfield></datafield><datafield ind1=" " ind2=" " tag="040"><subfield code="a">RERO frbcuc</subfield><subfield code="d">CH-ZuSLS</subfield></datafield><datafield ind1=" " ind2="7" tag="072"><subfield code="a">dr</subfield><subfield code="2">rero</subfield></datafield><datafield ind1=" " ind2="7" tag="072"><subfield code="a">800</subfield><subfield code="2">IDS LU</subfield></datafield><datafield ind1=" " ind2="7" tag="072"><subfield code="a">rw</subfield><subfield code="2">SzZuIDS BS/BE</subfield></datafield><datafield ind1=" " ind2="7" tag="072"><subfield code="a">ga</subfield><subfield code="2">SzZuIDS BS/BE</subfield></datafield><datafield ind1="0" ind2="0" tag="082"><subfield code="a">340.5/4</subfield><subfield code="2">22</subfield></datafield><datafield ind1="0" ind2="4" tag="082"><subfield code="a">340.1</subfield></datafield><datafield ind1="1" ind2="4" tag="082"><subfield code="a">340.09</subfield><subfield code="2">21</subfield></datafield><datafield ind1="1" ind2="4" tag="082"><subfield code="a">340.1</subfield><subfield code="2">21</subfield></datafield><datafield ind1="1" ind2="4" tag="082"><subfield code="a">340.1092</subfield><subfield code="2">20</subfield></datafield><datafield ind1="1" ind2="4" tag="082"><subfield code="a">900</subfield><subfield code="2">15</subfield></datafield><datafield ind1="1" ind2="4" tag="082"><subfield code="a">340</subfield><subfield code="2">15</subfield></datafield><datafield ind1=" " ind2=" " tag="084"><subfield code="a">EB 6.3 g</subfield><subfield code="2">cjurrom</subfield></datafield><datafield ind1=" " ind2=" " tag="084"><subfield code="a">A 18.0 g</subfield><subfield code="2">cjurrom</subfield></datafield><datafield ind1=" " ind2=" " tag="084"><subfield code="a">A 18.3 g</subfield><subfield code="2">cjurrom</subfield></datafield><datafield ind1=" " ind2=" " tag="084"><subfield code="a">PV 280</subfield><subfield code="2">rvk</subfield></datafield><datafield ind1=" " ind2=" " tag="084"><subfield code="a">PW 1449</subfield><subfield code="2">rvk</subfield></datafield><datafield ind1=" " ind2=" " tag="084"><subfield code="a">PW 4200</subfield><subfield code="2">rvk</subfield></datafield><datafield ind1="1" ind2=" " tag="100"><subfield code="a">Savigny, Friedrich Carl von</subfield><subfield code="d">1779-1861</subfield><subfield code="0">(IDREF)031601375</subfield><subfield code="4">cre</subfield></datafield><datafield ind1="1" ind2="0" tag="245"><subfield code="a">Vorlesungen über juristische Methodologie 1802-1842</subfield><subfield code="c">Friedrich Carl von Savigny ; hrsg. und eingel. von Aldo Mazzacane</subfield></datafield><datafield ind1=" " ind2=" " tag="250"><subfield code="a">Neue, erw. Ausg.</subfield></datafield><datafield ind1=" " ind2="1" tag="264"><subfield code="a">Frankfurt a.M.</subfield><subfield code="b">V. Klostermann</subfield><subfield code="c">2004</subfield></datafield><datafield ind1=" " ind2=" " tag="300"><subfield code="a">315 S.</subfield><subfield code="c">24 cm</subfield></datafield><datafield ind1=" " ind2=" " tag="336"><subfield code="b">txt</subfield><subfield code="2">rdacontent</subfield></datafield><datafield ind1=" " ind2=" " tag="337"><subfield code="b">n</subfield><subfield code="2">rdamedia</subfield></datafield><datafield ind1=" " ind2=" " tag="338"><subfield code="b">nc</subfield><subfield code="2">rdacarrier</subfield></datafield><datafield ind1="1" ind2=" " tag="490"><subfield code="a">Savignyana</subfield><subfield code="v">Bd. 2</subfield></datafield><datafield ind1="1" ind2=" " tag="490"><subfield code="a">Studien zur europäischen Rechtsgeschichte</subfield><subfield code="v">Bd. 174</subfield></datafield><datafield ind1="0" ind2="7" tag="600"><subfield code="a">Justinien</subfield><subfield code="c">(empereur byzantin</subfield><subfield code="b">1).</subfield><subfield code="t">Pandectes</subfield><subfield code="0">(RERO)A010102155</subfield><subfield code="2">rero</subfield></datafield><datafield ind1="1" ind2="7" tag="600"><subfield code="a">Savigny, Friedrich Carl von</subfield><subfield code="d">1779-1861</subfield><subfield code="2">idsbb</subfield></datafield><datafield ind1="1" ind2="7" tag="600"><subfield code="a">Savigny, Karl Friedrich &lt;&lt;von&gt;&gt;</subfield><subfield code="d">1814-1875</subfield><subfield code="0">(DE-588)118605917</subfield><subfield code="2">gnd</subfield></datafield><datafield ind1="1" ind2="7" tag="600"><subfield code="a">Savigny, Friedrich Carl &lt;&lt;von&gt;&gt;</subfield><subfield code="d">1779-1861</subfield><subfield code="0">(DE-588)118605909</subfield><subfield code="2">gnd</subfield></datafield><datafield ind1="1" ind2="7" tag="600"><subfield code="a">Savigny, Friedrich C. von</subfield><subfield code="2">idszbz</subfield></datafield><datafield ind1="1" ind2="0" tag="600"><subfield code="a">Savigny, Friedrich Karl von</subfield><subfield code="d">1779-1861</subfield></datafield><datafield ind1="1" ind2="0" tag="600"><subfield code="a">Savigny, Friedrich Karl von</subfield><subfield code="d">1779-1861</subfield><subfield code="x">Correspondence</subfield></datafield><datafield ind1=" " ind2="7" tag="648"><subfield code="a">Geschichte 1800-1850</subfield><subfield code="2">idszbz</subfield></datafield><datafield ind1=" " ind2="7" tag="648"><subfield code="a">Geschichte 1802-1842</subfield><subfield code="2">idszbz</subfield></datafield><datafield ind1=" " ind2="7" tag="650"><subfield code="a">Droit romain</subfield><subfield code="0">(IDREF)027232433</subfield><subfield code="2">idref</subfield></datafield><datafield ind1=" " ind2="7" tag="650"><subfield code="a">Recht</subfield><subfield code="x">Methode</subfield><subfield code="2">idsbb</subfield></datafield><datafield ind1=" " ind2="7" tag="650"><subfield code="a">Juristische Methodik</subfield><subfield code="0">(DE-588)4114116-7</subfield><subfield code="2">gnd</subfield></datafield><datafield ind1=" " ind2="7" tag="650"><subfield code="a">Juristisches Studium</subfield><subfield code="0">(DE-588)4029067-0</subfield><subfield code="2">gnd</subfield></datafield><datafield ind1=" " ind2="7" tag="650"><subfield code="a">Vorlesung</subfield><subfield code="0">(DE-588)4117405-7</subfield><subfield code="2">gnd</subfield></datafield><datafield ind1=" " ind2="7" tag="650"><subfield code="a">Rechtswissenschaft</subfield><subfield code="2">idszbz</subfield></datafield><datafield ind1=" " ind2="7" tag="650"><subfield code="a">Methodologie</subfield><subfield code="0">(DE-588)4139716-2</subfield><subfield code="2">gnd</subfield></datafield><datafield ind1=" " ind2="7" tag="650"><subfield code="a">Methode</subfield><subfield code="2">idszbz</subfield></datafield><datafield ind1=" " ind2="0" tag="650"><subfield code="a">Civil law</subfield><subfield code="x">Study and teaching</subfield><subfield code="z">Germany</subfield><subfield code="x">History</subfield><subfield code="x">Sources</subfield></datafield><datafield ind1=" " ind2="0" tag="650"><subfield code="a">Roman law</subfield></datafield><datafield ind1=" " ind2="0" tag="650"><subfield code="a">Roman law</subfield><subfield code="x">Study and teaching</subfield><subfield code="z">Germany</subfield><subfield code="x">History</subfield><subfield code="x">Sources</subfield></datafield><datafield ind1=" " ind2=" " tag="690"><subfield code="a">Pandektistik</subfield><subfield code="2">uzb-Z6</subfield></datafield><datafield ind1=" " ind2=" " tag="690"><subfield code="a">Methodologie</subfield><subfield code="2">uzb-Z6</subfield></datafield><datafield ind1=" " ind2=" " tag="691"><subfield code="e">PC 6</subfield><subfield code="2">rzs-L1</subfield></datafield><datafield ind1=" " ind2=" " tag="691"><subfield code="e">PC 18.3</subfield><subfield code="2">rzs-L1</subfield></datafield><datafield ind1=" " ind2=" " tag="691"><subfield code="e">PC 24.0 D-BE</subfield><subfield code="2">rzs-L1</subfield></datafield><datafield ind1="1" ind2=" " tag="700"><subfield code="a">Savigny, Friedrich Carl &lt;&lt;von&gt;&gt;</subfield><subfield code="d">1779-1861</subfield><subfield code="0">(DE-588)118605909</subfield></datafield><datafield ind1="1" ind2=" " tag="700"><subfield code="a">Mazzacane, Aldo</subfield><subfield code="d">1943-....</subfield><subfield code="0">(IDREF)029122430</subfield></datafield><datafield ind1="1" ind2=" " tag="800"><subfield code="a">Savigny, Friedrich Carl &lt;&lt;von&gt;&gt;</subfield><subfield code="d">1779-1861</subfield><subfield code="t">Savignyana</subfield><subfield code="v">2/2</subfield><subfield code="w">(IDSBB)000930775DSV01</subfield></datafield><datafield ind1=" " ind2=" " tag="830"><subfield code="a">Savignyana</subfield><subfield code="v">2</subfield><subfield code="w">(IDSLU)000286584ILU01</subfield></datafield><datafield ind1=" " ind2=" " tag="830"><subfield code="a">Studien zur europäischen Rechtsgeschichte</subfield><subfield code="v">174</subfield><subfield code="w">(IDSLU)000283270ILU01</subfield></datafield><datafield ind1=" " ind2=" " tag="830"><subfield code="a">Studien zur europäischen Rechtsgeschichte</subfield><subfield code="v">174</subfield><subfield code="w">(IDSBB)000017193DSV01</subfield></datafield><datafield ind1=" " ind2=" " tag="900"><subfield code="a">REROnoselfmerge</subfield></datafield><datafield ind1=" " ind2=" " tag="900"><subfield code="a">IDSZ2zbzmon200410l</subfield><subfield code="c">IDSZ2muew</subfield><subfield code="d">IDSZ2zbzswk200602b</subfield><subfield code="e">IDSZ2bruu</subfield></datafield><datafield ind1=" " ind2=" " tag="900"><subfield code="a">IDSZ2rwimon200407e</subfield><subfield code="c">IDSZ2rosi 040811</subfield><subfield code="d">IDSZ2rwiswk200409b</subfield><subfield code="e">IDSZ2berna</subfield></datafield></record>
</metadata></record>