<record><header><identifier>oai:alma.41SLSP_UGE:991000036249705502</identifier><datestamp>2023-03-01T01:08:53Z</datestamp><setSpec>uge_bcen_RapidILL_BOOK</setSpec><setSpec>uge_aaca_RapidILL_BOOK</setSpec><setSpec>uge_abels_RapidILL_BOOK</setSpec><setSpec>uge_dbu_RapidILL_BOOK</setSpec><setSpec>uge_cmu_RapidILL_BOOK</setSpec><setSpec>uge_mail_RapidILL_BOOK</setSpec><setSpec>UNIGE_ALL</setSpec><setSpec>uge_abbat_RapidILL_BOOK</setSpec><setSpec>uge_aobs_RapidILL_BOOK</setSpec><setSpec>uge_acar_RapidILL_BOOK</setSpec></header><metadata>
<record xmlns="http://www.loc.gov/MARC21/slim" xmlns:xsi="http://www.w3.org/2001/XMLSchema-instance" xsi:schemaLocation="http://www.loc.gov/MARC21/slim http://www.loc.gov/standards/marcxml/schema/MARC21slim.xsd"><leader>01848nam a2200433 c 4500</leader><controlfield tag="001">991000036249705502</controlfield><controlfield tag="005">20210207212830.0</controlfield><controlfield tag="008">201011s1983    gw ||||| |||| 00| ||eng d</controlfield><datafield ind1=" " ind2=" " tag="020"><subfield code="a">3136459016</subfield><subfield code="q">G. Thieme Stuttgart</subfield></datafield><datafield ind1=" " ind2=" " tag="020"><subfield code="a">0865770980</subfield><subfield code="q">ThiemeStratton New York</subfield></datafield><datafield ind1=" " ind2=" " tag="035"><subfield code="a">(swissbib)229173896-41slsp_network</subfield></datafield><datafield ind1=" " ind2=" " tag="035"><subfield code="a">229173896</subfield><subfield code="9">ExL</subfield></datafield><datafield ind1=" " ind2=" " tag="035"><subfield code="a">(RERO)0600316-41slsp</subfield></datafield><datafield ind1=" " ind2=" " tag="035"><subfield code="a">(NEBIS)000286446EBI01</subfield></datafield><datafield ind1=" " ind2=" " tag="035"><subfield code="a">(EXLNZ-41SLSP_NETWORK)991140092009705501</subfield></datafield><datafield ind1=" " ind2=" " tag="040"><subfield code="a">RERO geucmu</subfield><subfield code="d">CH-ZuSLS</subfield></datafield><datafield ind1=" " ind2=" " tag="044"><subfield code="a">gw</subfield><subfield code="a">xxu</subfield></datafield><datafield ind1=" " ind2="7" tag="072"><subfield code="a">me</subfield><subfield code="2">rero</subfield></datafield><datafield ind1="0" ind2="0" tag="245"><subfield code="a">Segmental Pancreatic Transplantation</subfield><subfield code="b">International Workshop, Munich, Spitzingsee [December 4-6, 1981]</subfield><subfield code="c">[ed. Walter Land, Rüdiger Landgraf]</subfield></datafield><datafield ind1=" " ind2="1" tag="264"><subfield code="a">Stuttgart</subfield><subfield code="a">New York</subfield><subfield code="b">G. Thieme</subfield><subfield code="a">New York</subfield><subfield code="b">Thieme-Stratton</subfield><subfield code="c">1983</subfield></datafield><datafield ind1=" " ind2=" " tag="300"><subfield code="a">VIII, 104 p</subfield><subfield code="b">ill.</subfield><subfield code="c">27 cm</subfield></datafield><datafield ind1=" " ind2=" " tag="336"><subfield code="b">txt</subfield><subfield code="2">rdacontent</subfield></datafield><datafield ind1=" " ind2=" " tag="337"><subfield code="b">n</subfield><subfield code="2">rdamedia</subfield></datafield><datafield ind1=" " ind2=" " tag="338"><subfield code="b">nc</subfield><subfield code="2">rdacarrier</subfield></datafield><datafield ind1="1" ind2=" " tag="490"><subfield code="a">Hormone and metabolic research. Supplement</subfield><subfield code="v">No 13</subfield></datafield><datafield ind1=" " ind2=" " tag="500"><subfield code="a">Congrès de Médecine. München. 1981</subfield></datafield><datafield ind1=" " ind2="2" tag="650"><subfield code="a">Pancreas</subfield><subfield code="x">transplantation</subfield></datafield><datafield ind1=" " ind2="2" tag="650"><subfield code="a">Pancreatic Ducts</subfield></datafield><datafield ind1=" " ind2="7" tag="650"><subfield code="a">BAUCHSPEICHELDRÜSENKRANKHEITEN</subfield><subfield code="9">ger</subfield><subfield code="0">(ETHUDK)000027231</subfield><subfield code="2">ethudk</subfield></datafield><datafield ind1=" " ind2="7" tag="650"><subfield code="a">ORGANTRANSPLANTATION (CHIRURGIE)</subfield><subfield code="9">ger</subfield><subfield code="0">(ETHUDK)000053992</subfield><subfield code="2">ethudk</subfield></datafield><datafield ind1=" " ind2="2" tag="655"><subfield code="a">Congress</subfield></datafield><datafield ind1=" " ind2="7" tag="655"><subfield code="a">Konferenzschrift</subfield><subfield code="z">München</subfield><subfield code="y">1981/12</subfield><subfield code="2">gnd-content</subfield></datafield><datafield ind1=" " ind2="7" tag="655"><subfield code="a">Konferenzschrift</subfield><subfield code="z">Schliersee</subfield><subfield code="y">1981/12</subfield><subfield code="2">gnd-content</subfield></datafield><datafield ind1="1" ind2=" " tag="700"><subfield code="a">Landgraf, R.</subfield></datafield><datafield ind1="1" ind2=" " tag="700"><subfield code="a">Landgraf, Rüdiger</subfield><subfield code="0">(RERO)A003493027</subfield></datafield><datafield ind1="1" ind2=" " tag="700"><subfield code="a">Land, Walter</subfield><subfield code="d">1938-</subfield><subfield code="0">(DE-588)1107019559</subfield><subfield code="6">880-03</subfield></datafield><datafield ind1="1" ind2=" " tag="880"><subfield code="a">Land, Walter</subfield><subfield code="0">(RERO)A003492686</subfield><subfield code="6">700-03</subfield></datafield><datafield ind1="2" ind2=" " tag="711"><subfield code="a">International Workshop on Segmental Pancreatic Transplantation</subfield><subfield code="d">1981</subfield><subfield code="c">Munich / Spitzingsee</subfield><subfield code="0">(DE-588)1091146268</subfield></datafield><datafield ind1=" " ind2="0" tag="830"><subfield code="a">Hormone and metabolic research</subfield><subfield code="p">Supplement series</subfield><subfield code="v">13</subfield><subfield code="w">(RERO)0761116-41slsp</subfield></datafield><datafield ind1=" " ind2=" " tag="900"><subfield code="a">REROnoselfmerge</subfield></datafield></record>
</metadata></record>