<record><header><identifier>oai:alma.41SLSP_UGE:991000036359705502</identifier><datestamp>2023-03-28T00:13:47Z</datestamp><setSpec>uge_bcen_RapidILL_BOOK</setSpec><setSpec>uge_aaca_RapidILL_BOOK</setSpec><setSpec>uge_abels_RapidILL_BOOK</setSpec><setSpec>uge_dbu_RapidILL_BOOK</setSpec><setSpec>uge_cmu_RapidILL_BOOK</setSpec><setSpec>uge_mail_RapidILL_BOOK</setSpec><setSpec>uge_abbat_RapidILL_BOOK</setSpec><setSpec>UNIGE_ALL</setSpec><setSpec>uge_acar_RapidILL_BOOK</setSpec><setSpec>uge_aobs_RapidILL_BOOK</setSpec></header><metadata>
<record xmlns="http://www.loc.gov/MARC21/slim" xmlns:xsi="http://www.w3.org/2001/XMLSchema-instance" xsi:schemaLocation="http://www.loc.gov/MARC21/slim http://www.loc.gov/standards/marcxml/schema/MARC21slim.xsd"><leader>05215nam a2200625 c 4500</leader><controlfield tag="001">991000036359705502</controlfield><controlfield tag="005">20230327182528.0</controlfield><controlfield tag="008">201011s2012    xxk||||| |||| 00| ||eng d</controlfield><datafield ind1=" " ind2=" " tag="010"><subfield code="a">2012010126</subfield></datafield><datafield ind1=" " ind2=" " tag="015"><subfield code="a">GBB220677</subfield><subfield code="2">bnb</subfield></datafield><datafield ind1=" " ind2=" " tag="020"><subfield code="a">1107025702</subfield><subfield code="q">hardback</subfield></datafield><datafield ind1=" " ind2=" " tag="020"><subfield code="a">1107638380</subfield><subfield code="q">pbk.</subfield></datafield><datafield ind1=" " ind2=" " tag="020"><subfield code="a">9781107025707</subfield><subfield code="q">hardback</subfield></datafield><datafield ind1=" " ind2=" " tag="020"><subfield code="a">9781107638389</subfield><subfield code="q">pbk.</subfield></datafield><datafield ind1=" " ind2=" " tag="035"><subfield code="a">(swissbib)216817129-41slsp_network</subfield></datafield><datafield ind1=" " ind2=" " tag="035"><subfield code="a">216817129</subfield><subfield code="9">ExL</subfield></datafield><datafield ind1=" " ind2=" " tag="035"><subfield code="a">(RERO)R007200083-41slsp</subfield></datafield><datafield ind1=" " ind2=" " tag="035"><subfield code="a">(NEBIS)007252724EBI01</subfield></datafield><datafield ind1=" " ind2=" " tag="035"><subfield code="a">(OCoLC)779244893</subfield></datafield><datafield ind1=" " ind2=" " tag="035"><subfield code="a">(EXLNZ-41SLSP_NETWORK)991045402409705501</subfield></datafield><datafield ind1=" " ind2=" " tag="040"><subfield code="a">DLC</subfield><subfield code="d">CH-ZuSLS</subfield></datafield><datafield ind1=" " ind2="0" tag="050"><subfield code="a">JK1967</subfield><subfield code="b">.J43 2012</subfield></datafield><datafield ind1=" " ind2="7" tag="072"><subfield code="a">sp</subfield><subfield code="2">rero</subfield></datafield><datafield ind1="0" ind2="0" tag="082"><subfield code="a">324.973</subfield><subfield code="2">23</subfield></datafield><datafield ind1="0" ind2="4" tag="082"><subfield code="a">324.6</subfield><subfield code="2">23</subfield></datafield><datafield ind1=" " ind2=" " tag="084"><subfield code="a">POL040000</subfield><subfield code="2">bisacsh</subfield></datafield><datafield ind1="1" ind2=" " tag="100"><subfield code="a">Jessee, Stephen A.</subfield><subfield code="d">1980-....</subfield><subfield code="0">(IDREF)164326405</subfield><subfield code="4">cre</subfield></datafield><datafield ind1="1" ind2="0" tag="245"><subfield code="a">Ideology and spatial voting in American elections</subfield><subfield code="c">Stephen A. Jessee</subfield></datafield><datafield ind1=" " ind2="1" tag="264"><subfield code="a">Cambridge [England]</subfield><subfield code="a">New York</subfield><subfield code="b">Cambridge University Press</subfield><subfield code="c">2012</subfield></datafield><datafield ind1=" " ind2=" " tag="300"><subfield code="a">xiii, 242 p.</subfield><subfield code="b">ill.</subfield><subfield code="c">24 cm.</subfield></datafield><datafield ind1=" " ind2=" " tag="336"><subfield code="b">txt</subfield><subfield code="2">rdacontent</subfield></datafield><datafield ind1=" " ind2=" " tag="337"><subfield code="b">n</subfield><subfield code="2">rdamedia</subfield></datafield><datafield ind1=" " ind2=" " tag="338"><subfield code="b">nc</subfield><subfield code="2">rdacarrier</subfield></datafield><datafield ind1=" " ind2=" " tag="504"><subfield code="a">Includes bibliographical references and index.</subfield></datafield><datafield ind1="0" ind2=" " tag="505"><subfield code="a">1. Introduction -- 2. Political ideology -- 3. Measuring political ideology -- 4. Linking theory and empirics: testing spatial voting theory -- 5. Partisanship versus proximity: the effect of party -- 6. Political information and spatial voting -- 7. The political perceptions of citizens -- 8. Conclusion</subfield></datafield><datafield ind1="8" ind2=" " tag="520"><subfield code="a">&quot;Ideology and Spatial Voting in American Elections addresses two core issues related to the foundations of democratic governance: how the political views of Americans are structured and how citizens' voting decisions relate to their ideological proximity to the candidates. Focusing on testing the assumptions and implications of spatial voting, this book connects the theory with empirical analysis of voter preferences and behavior, showing Americans cast their ballots largely in accordance with spatial voting theory. Stephen A. Jessee's research shows voters possess meaningful ideologies that structure their policy beliefs, moderated by partisanship and differing levels of political information. Jessee finds that while voters with lower levels of political information are more influenced by partisanship, independents and better informed partisans are able to form reasonably accurate perceptions of candidates' ideologies. His findings should reaffirm citizens' faith in the broad functioning of democratic elections&quot;-- Provided by publisher</subfield></datafield><datafield ind1="8" ind2=" " tag="520"><subfield code="a">&quot;The central feature of democracy is that the will of the people determines the policies enacted by the government. In representative democracies such as the United States, citizens influence the government primarily through voting in elections. The success of democratic governance, therefore, rests in large part on the ability of citizens to select leaders who will act in accordance with their policy preferences. In the end, a government lives up to this democratic ideal (or doesn't) through the enactment of specific policies. How, then, do citizens' votes relate to their preferences over government policy outputs? What intervening factors either assist or interfere with voters' selection of candidates who espouse views closest to their own? Understanding the relationship between citizens' policy views and their voting behavior is central to the evaluation of elections and of democratic governance more generally. This book studies the opinions of ordinary citizens on specific policies and the relationships between these policy views and people's vote choices in presidential elections. Specifically, I focus on testing the empirical implications of spatial theories of voting, which, in their simplest form, assume that each citizen's policy views can be represented by a location on some liberal-conservative policy spectrum, with candidates in a given election each taking a position on this same dimension. Each voter then casts his or her ballot for the candidate whose position is closest to the voter's own ideological location&quot;-- Provided by publisher</subfield></datafield><datafield ind1=" " ind2="7" tag="650"><subfield code="a">Élections</subfield><subfield code="0">(IDREF)027610667</subfield><subfield code="2">idref</subfield></datafield><datafield ind1=" " ind2="7" tag="650"><subfield code="a">Sociologie électorale</subfield><subfield code="0">(IDREF)027443310</subfield><subfield code="2">idref</subfield></datafield><datafield ind1=" " ind2="7" tag="650"><subfield code="a">Idéologie</subfield><subfield code="0">(IDREF)027261883</subfield><subfield code="2">idref</subfield></datafield><datafield ind1=" " ind2="0" tag="650"><subfield code="a">Ideology</subfield><subfield code="z">United States</subfield></datafield><datafield ind1=" " ind2="0" tag="650"><subfield code="a">Voting</subfield><subfield code="z">United States</subfield></datafield><datafield ind1=" " ind2="7" tag="650"><subfield code="a">Wahlverhalten</subfield><subfield code="0">(DE-588)4079009-5</subfield><subfield code="2">gnd</subfield></datafield><datafield ind1=" " ind2="7" tag="650"><subfield code="a">Ideologie</subfield><subfield code="0">(DE-588)4026486-5</subfield><subfield code="2">gnd</subfield></datafield><datafield ind1=" " ind2="7" tag="650"><subfield code="a">POLITICAL SCIENCE / Government / General</subfield><subfield code="2">bisacsh</subfield></datafield><datafield ind1=" " ind2="0" tag="650"><subfield code="a">Elections</subfield><subfield code="z">United States</subfield></datafield><datafield ind1=" " ind2="0" tag="650"><subfield code="a">Spatial analysis (Statistics)</subfield></datafield><datafield ind1=" " ind2="0" tag="650"><subfield code="a">Voting</subfield><subfield code="z">United States</subfield><subfield code="x">Mathematical models</subfield></datafield><datafield ind1=" " ind2="7" tag="651"><subfield code="a">États-Unis</subfield><subfield code="0">(IDREF)027225488</subfield><subfield code="2">idref</subfield></datafield><datafield ind1=" " ind2="7" tag="651"><subfield code="a">USA</subfield><subfield code="0">(DE-588)4078704-7</subfield><subfield code="2">gnd</subfield></datafield><datafield ind1="4" ind2=" " tag="856"><subfield code="3">Titelblatt und Inhaltsverzeichnis</subfield><subfield code="u">https://toc.library.ethz.ch/objects/pdf/z01_978-1-107-02570-7_01.pdf</subfield><subfield code="q">pdf</subfield></datafield><datafield ind1=" " ind2=" " tag="900"><subfield code="a">REROnoselfmerge</subfield></datafield><datafield ind1=" " ind2=" " tag="900"><subfield code="a">IDSZ2zbzmon201209f</subfield><subfield code="c">IDSZ2roco</subfield><subfield code="d">IDSZ2zbzswk201210b</subfield><subfield code="e">IDSZ2brue</subfield></datafield><datafield ind1=" " ind2=" " tag="910"><subfield code="a">OCoLC</subfield><subfield code="b">20121206</subfield><subfield code="c">Droits réservés</subfield></datafield><datafield ind1=" " ind2=" " tag="911"><subfield code="a">100</subfield><subfield code="a">Jessee, Stephen A</subfield><subfield code="d">1980-</subfield></datafield><datafield ind1=" " ind2=" " tag="949"><subfield code="a">https://toc.library.ethz.ch/objects/pdf/z01_978-1-107-02570-7_01.pdf</subfield></datafield></record>
</metadata></record>