<record><header><identifier>oai:alma.41SLSP_UGE:991000036149705502</identifier><datestamp>2023-03-01T01:08:53Z</datestamp><setSpec>uge_bcen_RapidILL_BOOK</setSpec><setSpec>uge_aaca_RapidILL_BOOK</setSpec><setSpec>uge_abels_RapidILL_BOOK</setSpec><setSpec>uge_dbu_RapidILL_BOOK</setSpec><setSpec>uge_cmu_RapidILL_BOOK</setSpec><setSpec>uge_mail_RapidILL_BOOK</setSpec><setSpec>UNIGE_ALL</setSpec><setSpec>uge_abbat_RapidILL_BOOK</setSpec><setSpec>uge_aobs_RapidILL_BOOK</setSpec><setSpec>uge_acar_RapidILL_BOOK</setSpec></header><metadata>
<record xmlns="http://www.loc.gov/MARC21/slim" xmlns:xsi="http://www.w3.org/2001/XMLSchema-instance" xsi:schemaLocation="http://www.loc.gov/MARC21/slim http://www.loc.gov/standards/marcxml/schema/MARC21slim.xsd"><leader>00936nam a2200253 c 4500</leader><controlfield tag="001">991000036149705502</controlfield><controlfield tag="005">20201126032547.0</controlfield><controlfield tag="008">041021s1919    fr ||||| |||| 00| ||lat d</controlfield><datafield ind1=" " ind2=" " tag="035"><subfield code="a">(swissbib)101156596-41slsp_network</subfield></datafield><datafield ind1=" " ind2=" " tag="035"><subfield code="a">101156596</subfield><subfield code="9">ExL</subfield></datafield><datafield ind1=" " ind2=" " tag="035"><subfield code="a">(RERO)R003725205-41slsp</subfield></datafield><datafield ind1=" " ind2=" " tag="035"><subfield code="a">(EXLNZ-41SLSP_NETWORK)991047563019705501</subfield></datafield><datafield ind1=" " ind2=" " tag="040"><subfield code="a">RERO frbcuc</subfield><subfield code="d">CH-ZuSLS</subfield></datafield><datafield ind1="1" ind2=" " tag="041"><subfield code="a">lat</subfield><subfield code="a">ara</subfield><subfield code="h">ara</subfield></datafield><datafield ind1=" " ind2="7" tag="072"><subfield code="a">th</subfield><subfield code="2">rero</subfield></datafield><datafield ind1="0" ind2="0" tag="245"><subfield code="a">Logia et agrapha domini Jesu</subfield><subfield code="b">apud moslemicos scriptores, asceticos praesertim, usitata.</subfield><subfield code="n">Fasc. 1</subfield><subfield code="c">collegit, vertit, notis instruxit Michaël Asin et Palacios</subfield></datafield><datafield ind1=" " ind2="1" tag="264"><subfield code="a">Paris</subfield><subfield code="b">Firmin-Didot</subfield><subfield code="c">1919</subfield></datafield><datafield ind1=" " ind2=" " tag="300"><subfield code="a">101 p. (p. 336-431).</subfield><subfield code="c">29 cm</subfield></datafield><datafield ind1=" " ind2=" " tag="336"><subfield code="b">txt</subfield><subfield code="2">rdacontent</subfield></datafield><datafield ind1=" " ind2=" " tag="337"><subfield code="b">n</subfield><subfield code="2">rdamedia</subfield></datafield><datafield ind1=" " ind2=" " tag="338"><subfield code="b">nc</subfield><subfield code="2">rdacarrier</subfield></datafield><datafield ind1="1" ind2=" " tag="490"><subfield code="a">Patrologia orientalis</subfield><subfield code="v">t. 13, fasc. 3 = no 64</subfield></datafield><datafield ind1=" " ind2=" " tag="830"><subfield code="a">Logia et agrapha domini Jesu</subfield><subfield code="v">1</subfield><subfield code="w">(RERO)1213841-41slsp</subfield></datafield><datafield ind1=" " ind2=" " tag="830"><subfield code="a">Patrologia orientalis</subfield><subfield code="v">13,3</subfield><subfield code="w">(RERO)0580393-41slsp</subfield></datafield><datafield ind1=" " ind2=" " tag="900"><subfield code="a">REROnoselfmerge</subfield></datafield></record>
</metadata></record>