<record><header><identifier>oai:alma.41SLSP_UGE:991000036869705502</identifier><datestamp>2023-03-01T01:08:53Z</datestamp><setSpec>uge_bcen_RapidILL_BOOK</setSpec><setSpec>uge_aaca_RapidILL_BOOK</setSpec><setSpec>uge_abels_RapidILL_BOOK</setSpec><setSpec>uge_dbu_RapidILL_BOOK</setSpec><setSpec>uge_cmu_RapidILL_BOOK</setSpec><setSpec>uge_mail_RapidILL_BOOK</setSpec><setSpec>UNIGE_ALL</setSpec><setSpec>uge_abbat_RapidILL_BOOK</setSpec><setSpec>uge_acar_RapidILL_BOOK</setSpec><setSpec>uge_aobs_RapidILL_BOOK</setSpec></header><metadata>
<record xmlns="http://www.loc.gov/MARC21/slim" xmlns:xsi="http://www.w3.org/2001/XMLSchema-instance" xsi:schemaLocation="http://www.loc.gov/MARC21/slim http://www.loc.gov/standards/marcxml/schema/MARC21slim.xsd"><leader>02503nam a2200577 ca4500</leader><controlfield tag="001">991000036869705502</controlfield><controlfield tag="005">20230204202107.0</controlfield><controlfield tag="008">201011s1978    be ||||| |||| 00| ||eng d</controlfield><datafield ind1=" " ind2=" " tag="020"><subfield code="a">2800501251</subfield></datafield><datafield ind1="7" ind2=" " tag="024"><subfield code="a">http://catalogue.bnf.fr/ark:/12148/cb35584692p</subfield><subfield code="2">uri</subfield></datafield><datafield ind1=" " ind2=" " tag="035"><subfield code="a">(swissbib)211685127-41slsp_network</subfield></datafield><datafield ind1=" " ind2=" " tag="035"><subfield code="a">211685127</subfield><subfield code="9">ExL</subfield></datafield><datafield ind1=" " ind2=" " tag="035"><subfield code="a">(RERO)1114304-41slsp</subfield></datafield><datafield ind1=" " ind2=" " tag="035"><subfield code="a">(NEBIS)000637403EBI01</subfield></datafield><datafield ind1=" " ind2=" " tag="035"><subfield code="a">(EXLNZ-41SLSP_NETWORK)991070076889705501</subfield></datafield><datafield ind1=" " ind2=" " tag="040"><subfield code="a">RERO geulha</subfield><subfield code="d">CH-ZuSLS</subfield></datafield><datafield ind1=" " ind2="7" tag="072"><subfield code="a">ba</subfield><subfield code="2">rero</subfield></datafield><datafield ind1="0" ind2="4" tag="082"><subfield code="a">759.94931</subfield><subfield code="2">19</subfield></datafield><datafield ind1="0" ind2="4" tag="082"><subfield code="a">750</subfield></datafield><datafield ind1="1" ind2="4" tag="082"><subfield code="a">759.949 3</subfield><subfield code="2">22</subfield></datafield><datafield ind1="1" ind2=" " tag="100"><subfield code="a">De Poorter, Nora</subfield><subfield code="0">(DE-588)102009155X</subfield><subfield code="e">Verfasser</subfield><subfield code="4">aut</subfield><subfield code="6">880-01</subfield></datafield><datafield ind1="1" ind2=" " tag="880"><subfield code="6">100-01</subfield><subfield code="a">De Poorter, Nora</subfield><subfield code="0">(IDREF)028129067</subfield><subfield code="4">cre</subfield></datafield><datafield ind1="1" ind2="0" tag="245"><subfield code="a">&lt;&lt;The&gt;&gt; Eucharist series</subfield><subfield code="c">Nora De Poorter</subfield></datafield><datafield ind1=" " ind2="1" tag="264"><subfield code="a">Brussels</subfield><subfield code="b">Arcade</subfield><subfield code="a">London</subfield><subfield code="b">H. Miller [etc.]</subfield><subfield code="c">1978</subfield></datafield><datafield ind1=" " ind2=" " tag="300"><subfield code="a">2 vol. (510 p.)</subfield><subfield code="b">ill.</subfield><subfield code="c">27 cm</subfield></datafield><datafield ind1=" " ind2=" " tag="336"><subfield code="b">txt</subfield><subfield code="2">rdacontent</subfield></datafield><datafield ind1=" " ind2=" " tag="337"><subfield code="b">n</subfield><subfield code="2">rdamedia</subfield></datafield><datafield ind1=" " ind2=" " tag="338"><subfield code="b">nc</subfield><subfield code="2">rdacarrier</subfield></datafield><datafield ind1="1" ind2=" " tag="490"><subfield code="a">Corpus Rubenianum Ludwig Burchard</subfield><subfield code="v">part 2</subfield></datafield><datafield ind1="1" ind2="7" tag="600"><subfield code="a">Rubens, Petrus Paulus</subfield><subfield code="d">1577-1640</subfield><subfield code="0">(IDREF)02998551X</subfield><subfield code="2">idref</subfield></datafield><datafield ind1="1" ind2="7" tag="600"><subfield code="a">Rubens, Peter Paul</subfield><subfield code="d">1577-1640</subfield><subfield code="0">(DE-588)11860354X</subfield><subfield code="2">gnd</subfield></datafield><datafield ind1="1" ind2="7" tag="600"><subfield code="a">Rubens, Peter Paul</subfield><subfield code="d">1577-1640</subfield><subfield code="t">Triumph der Eucharistie</subfield><subfield code="0">(DE-588)4777844-1</subfield><subfield code="2">gnd</subfield></datafield><datafield ind1="1" ind2="0" tag="600"><subfield code="a">Rubens, Peter Paul</subfield><subfield code="d">1577-1640</subfield></datafield><datafield ind1=" " ind2="7" tag="650"><subfield code="a">Werkverzeichnis</subfield><subfield code="0">(DE-588)4189680-4</subfield><subfield code="2">gnd</subfield></datafield><datafield ind1=" " ind2="0" tag="650"><subfield code="a">Artists' preparatory studies</subfield><subfield code="z">Belgium</subfield></datafield><datafield ind1=" " ind2="0" tag="650"><subfield code="a">Lord's Supper in art</subfield></datafield><datafield ind1=" " ind2="7" tag="650"><subfield code="a">BELGIEN (WESTEUROPA). KÖNIGREICH BELGIEN</subfield><subfield code="9">ger</subfield><subfield code="0">(ETHUDK)000004515</subfield><subfield code="2">ethudk</subfield></datafield><datafield ind1=" " ind2="7" tag="650"><subfield code="a">CHRISTLICHE KUNST + SYMBOLIK</subfield><subfield code="9">ger</subfield><subfield code="0">(ETHUDK)000009850</subfield><subfield code="2">ethudk</subfield></datafield><datafield ind1=" " ind2="7" tag="650"><subfield code="a">EUCHARISTIE + ABENDMAHL (THEOLOGIE)</subfield><subfield code="9">ger</subfield><subfield code="0">(ETHUDK)000049813</subfield><subfield code="2">ethudk</subfield></datafield><datafield ind1=" " ind2="7" tag="650"><subfield code="a">MOTIVE (MALEREI)</subfield><subfield code="9">ger</subfield><subfield code="0">(ETHUDK)000035851</subfield><subfield code="2">ethudk</subfield></datafield><datafield ind1=" " ind2="7" tag="650"><subfield code="a">NIEDERLÄNDISCHE MALEREI (15.-18. JH.)</subfield><subfield code="9">ger</subfield><subfield code="0">(ETHUDK)000046363</subfield><subfield code="2">ethudk</subfield></datafield><datafield ind1=" " ind2="7" tag="650"><subfield code="a">RELIGIÖSE KUNST</subfield><subfield code="9">ger</subfield><subfield code="0">(ETHUDK)000035323</subfield><subfield code="2">ethudk</subfield></datafield><datafield ind1=" " ind2="7" tag="650"><subfield code="a">WERKKATALOGE + WERKVERZEICHNISSE (KUNST, ARCHITEKTUR)</subfield><subfield code="9">ger</subfield><subfield code="0">(ETHUDK)000054000</subfield><subfield code="2">ethudk</subfield></datafield><datafield ind1=" " ind2="7" tag="650"><subfield code="a">&quot;1577/1640&quot;</subfield><subfield code="2">ethudk</subfield></datafield><datafield ind1=" " ind2="7" tag="655"><subfield code="a">Catalogues raisonnés</subfield><subfield code="0">(IDREF)029079764</subfield><subfield code="2">idref</subfield></datafield><datafield ind1=" " ind2=" " tag="690"><subfield code="a">Rubens, Peter Paul. Einzelwerke</subfield><subfield code="2">uzb-US</subfield></datafield><datafield ind1="1" ind2=" " tag="700"><subfield code="a">Rubens, Petrus Paulus</subfield><subfield code="d">1577-1640</subfield><subfield code="0">(IDREF)02998551X</subfield></datafield><datafield ind1=" " ind2=" " tag="830"><subfield code="a">Corpus Rubenianum Ludwig Burchard</subfield><subfield code="v">2</subfield><subfield code="w">(NEBIS)000415689EBI01</subfield></datafield><datafield ind1=" " ind2=" " tag="830"><subfield code="a">Corpus Rubenianum Ludwig Burchard</subfield><subfield code="v">2</subfield><subfield code="w">(RERO)1114234-41slsp</subfield></datafield><datafield ind1=" " ind2=" " tag="900"><subfield code="a">REROnoselfmerge</subfield></datafield><datafield ind1=" " ind2=" " tag="900"><subfield code="a">IDSZRMedeaZBZ</subfield><subfield code="c">IDSZRwerm</subfield></datafield><datafield ind1=" " ind2=" " tag="900"><subfield code="a">IDSZRMedeaZBZ</subfield><subfield code="b">IDSZRSWK</subfield></datafield><datafield ind1=" " ind2=" " tag="993"><subfield code="a">BFLB 98/2</subfield><subfield code="x">ge/ulha/a/83/0097</subfield><subfield code="9">LOCAL</subfield></datafield></record>
</metadata></record>