<record><header><identifier>oai:alma.41SLSP_UGE:991000036769705502</identifier><datestamp>2023-06-26T00:15:31Z</datestamp><setSpec>UNIGE_ALL</setSpec></header><metadata>
<record xmlns="http://www.loc.gov/MARC21/slim" xmlns:xsi="http://www.w3.org/2001/XMLSchema-instance" xsi:schemaLocation="http://www.loc.gov/MARC21/slim http://www.loc.gov/standards/marcxml/schema/MARC21slim.xsd"><leader>02146ngm a2200313 c 4500</leader><controlfield tag="001">991000036769705502</controlfield><controlfield tag="005">20230625172922.0</controlfield><controlfield tag="007">vd |v||||</controlfield><controlfield tag="008">170306s1964    bl ||| |          v|por d</controlfield><datafield ind1=" " ind2=" " tag="035"><subfield code="a">(swissbib)123673291-41slsp_network</subfield></datafield><datafield ind1=" " ind2=" " tag="035"><subfield code="a">123673291</subfield><subfield code="9">ExL</subfield></datafield><datafield ind1=" " ind2=" " tag="035"><subfield code="a">(RERO)R008608443-41slsp</subfield></datafield><datafield ind1=" " ind2=" " tag="035"><subfield code="a">(EXLNZ-41SLSP_NETWORK)991060459049705501</subfield></datafield><datafield ind1=" " ind2=" " tag="040"><subfield code="a">RERO geumem</subfield><subfield code="d">CH-ZuSLS</subfield></datafield><datafield ind1="1" ind2=" " tag="041"><subfield code="a">fre</subfield><subfield code="a">por</subfield><subfield code="h">por</subfield></datafield><datafield ind1=" " ind2="7" tag="072"><subfield code="a">ba</subfield><subfield code="2">rero</subfield></datafield><datafield ind1="0" ind2="0" tag="245"><subfield code="a">&lt;&lt;Os&gt;&gt; fuzis</subfield><subfield code="b">= Les fusils</subfield><subfield code="c">Ruy Guerra</subfield></datafield><datafield ind1="1" ind2=" " tag="246"><subfield code="a">Fusils</subfield></datafield><datafield ind1=" " ind2="1" tag="264"><subfield code="a">[Lieu de publication non identifié]</subfield><subfield code="b">Copacabana Filmes [prod.]</subfield><subfield code="c">1964</subfield></datafield><datafield ind1=" " ind2=" " tag="300"><subfield code="a">1 DVD-R (1h20 min)</subfield><subfield code="b">noir et blanc</subfield></datafield><datafield ind1=" " ind2=" " tag="336"><subfield code="b">tdi</subfield><subfield code="2">rdacontent</subfield></datafield><datafield ind1=" " ind2=" " tag="337"><subfield code="b">v</subfield><subfield code="2">rdamedia</subfield></datafield><datafield ind1=" " ind2=" " tag="338"><subfield code="b">vd</subfield><subfield code="2">rdacarrier</subfield></datafield><datafield ind1=" " ind2=" " tag="500"><subfield code="a">Langue : portugais. Sous-titres : français</subfield></datafield><datafield ind1=" " ind2=" " tag="500"><subfield code="a">Diffusé sur Arte, le 17 août 1994</subfield></datafield><datafield ind1="0" ind2=" " tag="511"><subfield code="a">Atila Iorio ; Nelson Xavier ; Maria Gladys... et al.</subfield></datafield><datafield ind1="8" ind2=" " tag="520"><subfield code="a">&quot;À Milagres, un village du Nordeste au Brésil, un groupe de paysans affamés risquent de mettre à sac le magasin d'un notable. Un détachement de soldats est envoyé afin de prévenir d'éventuels troubles. Pour conjurer la famine, d'autres villageois se livrent, sous la direction d'un prêtre, à des rites superstitieux. Par ailleurs, un soldat, en état d'ébriété, commet un homicide en essayant de ramener de l'ordre dans un groupe de paysans en colère. Gaúcho, un conducteur de camion, s'insurge, pour sa part, contre l'attitude d'un villageois acceptant passivement le décès de sa fille, morte d'inanition. Il incite aussi les paysans à la révolte. Mais, la moindre tentative de sédition sera sévèrement réprimée. Os Fuzis expose &quot; une violence inouïe dans la montée de l'horreur.&quot; Violence d'un système économique aux structures féodales, violence des injustices sociales et violence du recours à la force militaire pour rétablir un ordre inique. Un des films les plus représentatifs du Cinema Novo par l'un de ses brillants représentants.&quot; cf Wikipédia</subfield><subfield code="5">RERO/geumem/03.2017</subfield></datafield><datafield ind1=" " ind2="7" tag="655"><subfield code="a">DVD</subfield><subfield code="0">(IDREF)035108444</subfield><subfield code="2">idref</subfield></datafield><datafield ind1=" " ind2="7" tag="655"><subfield code="a">Films de fiction</subfield><subfield code="0">(IDREF)14779644X</subfield><subfield code="2">idref</subfield></datafield><datafield ind1="1" ind2=" " tag="700"><subfield code="a">Guerra, Ruy</subfield><subfield code="d">1931-....</subfield><subfield code="0">(IDREF)052207714</subfield></datafield></record>
</metadata></record>