<record><header><identifier>oai:alma.41SLSP_UGE:991000036039705502</identifier><datestamp>2023-03-01T01:08:53Z</datestamp><setSpec>uge_bcen_RapidILL_BOOK</setSpec><setSpec>uge_aaca_RapidILL_BOOK</setSpec><setSpec>uge_abels_RapidILL_BOOK</setSpec><setSpec>uge_dbu_RapidILL_BOOK</setSpec><setSpec>uge_cmu_RapidILL_BOOK</setSpec><setSpec>uge_mail_RapidILL_BOOK</setSpec><setSpec>UNIGE_ALL</setSpec><setSpec>uge_abbat_RapidILL_BOOK</setSpec><setSpec>uge_acar_RapidILL_BOOK</setSpec><setSpec>uge_aobs_RapidILL_BOOK</setSpec></header><metadata>
<record xmlns="http://www.loc.gov/MARC21/slim" xmlns:xsi="http://www.w3.org/2001/XMLSchema-instance" xsi:schemaLocation="http://www.loc.gov/MARC21/slim http://www.loc.gov/standards/marcxml/schema/MARC21slim.xsd"><leader>01496nam a2200373 c 4500</leader><controlfield tag="001">991000036039705502</controlfield><controlfield tag="005">20230224183151.0</controlfield><controlfield tag="008">201011s1918    gw ||||| |||| 00| ||ger d</controlfield><datafield ind1=" " ind2=" " tag="035"><subfield code="a">(swissbib)216014476-41slsp_network</subfield></datafield><datafield ind1=" " ind2=" " tag="035"><subfield code="a">216014476</subfield><subfield code="9">ExL</subfield></datafield><datafield ind1=" " ind2=" " tag="035"><subfield code="a">(RERO)1351377-41slsp</subfield></datafield><datafield ind1=" " ind2=" " tag="035"><subfield code="a">(NEBIS)004974488EBI01</subfield></datafield><datafield ind1=" " ind2=" " tag="035"><subfield code="a">(IDSBB)003082327DSV01</subfield></datafield><datafield ind1=" " ind2=" " tag="035"><subfield code="a">(EXLNZ-41SLSP_NETWORK)991097127419705501</subfield></datafield><datafield ind1=" " ind2=" " tag="040"><subfield code="a">RERO labcud</subfield><subfield code="d">CH-ZuSLS</subfield></datafield><datafield ind1=" " ind2="7" tag="072"><subfield code="a">th</subfield><subfield code="2">rero</subfield></datafield><datafield ind1="1" ind2=" " tag="100"><subfield code="a">Heinrici, Carl Friedrich Georg</subfield><subfield code="d">1844-1915</subfield><subfield code="0">(DE-588)115602445</subfield><subfield code="6">880-01</subfield></datafield><datafield ind1="1" ind2=" " tag="880"><subfield code="6">100-01</subfield><subfield code="a">Heinrici, Carl Friedrich Georg</subfield><subfield code="d">1844-1915</subfield><subfield code="0">(IDREF)079581935</subfield><subfield code="4">cre</subfield></datafield><datafield ind1="1" ind2="0" tag="245"><subfield code="a">&lt;&lt;Die&gt;&gt; Hermes-Mystik und das Neue Testament</subfield><subfield code="c">von C.F. Georg Heinrici ; hrsg. von Ernst von Dobschütz</subfield></datafield><datafield ind1=" " ind2="1" tag="264"><subfield code="a">Leipzig</subfield><subfield code="b">J.C. Hinrichs</subfield><subfield code="c">1918</subfield></datafield><datafield ind1=" " ind2=" " tag="300"><subfield code="a">XXII, 242 p.</subfield><subfield code="c">23 cm</subfield></datafield><datafield ind1=" " ind2=" " tag="336"><subfield code="b">txt</subfield><subfield code="2">rdacontent</subfield></datafield><datafield ind1=" " ind2=" " tag="337"><subfield code="b">n</subfield><subfield code="2">rdamedia</subfield></datafield><datafield ind1=" " ind2=" " tag="338"><subfield code="b">nc</subfield><subfield code="2">rdacarrier</subfield></datafield><datafield ind1="1" ind2=" " tag="490"><subfield code="a">Arbeiten zur Religionsgeschichte des Urchristentums</subfield><subfield code="v">Bd. 1, H. 1</subfield></datafield><datafield ind1="0" ind2="7" tag="600"><subfield code="a">Hermès Trismégiste</subfield><subfield code="c">auteur prétendu</subfield><subfield code="0">(IDREF)245079416</subfield><subfield code="2">idref</subfield></datafield><datafield ind1="0" ind2="7" tag="630"><subfield code="a">Bible</subfield><subfield code="p">NT</subfield><subfield code="0">(RERO)A009967469</subfield><subfield code="2">rero</subfield></datafield><datafield ind1=" " ind2="7" tag="650"><subfield code="a">Ésotérisme</subfield><subfield code="0">(IDREF)027224341</subfield><subfield code="2">idref</subfield></datafield><datafield ind1=" " ind2="7" tag="650"><subfield code="a">Hermetische Literatur</subfield><subfield code="2">idszbz</subfield></datafield><datafield ind1=" " ind2="7" tag="650"><subfield code="a">Urchristentum</subfield><subfield code="2">idszbz</subfield></datafield><datafield ind1="1" ind2=" " tag="700"><subfield code="a">Heinrici, Georg</subfield></datafield><datafield ind1="1" ind2=" " tag="700"><subfield code="a">Dobschütz, Ernst von</subfield><subfield code="c">théologien</subfield><subfield code="d">1870-1934</subfield><subfield code="0">(IDREF)060858311</subfield></datafield><datafield ind1=" " ind2=" " tag="830"><subfield code="a">Arbeiten zur Religionsgeschichte des Urchristentums</subfield><subfield code="v">1/1</subfield><subfield code="w">(IDSBB)000730399DSV01</subfield></datafield><datafield ind1=" " ind2=" " tag="900"><subfield code="a">REROnoselfmerge</subfield></datafield><datafield ind1=" " ind2=" " tag="900"><subfield code="f">IDSU2medea</subfield></datafield></record>
</metadata></record>