<record><header><identifier>oai:alma.41SLSP_UGE:991000036159705502</identifier><datestamp>2023-03-28T00:13:03Z</datestamp><setSpec>uge_bcen_RapidILL_BOOK</setSpec><setSpec>uge_aaca_RapidILL_BOOK</setSpec><setSpec>uge_abels_RapidILL_BOOK</setSpec><setSpec>uge_dbu_RapidILL_BOOK</setSpec><setSpec>uge_cmu_RapidILL_BOOK</setSpec><setSpec>uge_mail_RapidILL_BOOK</setSpec><setSpec>uge_abbat_RapidILL_BOOK</setSpec><setSpec>UNIGE_ALL</setSpec><setSpec>uge_acar_RapidILL_BOOK</setSpec><setSpec>uge_aobs_RapidILL_BOOK</setSpec></header><metadata>
<record xmlns="http://www.loc.gov/MARC21/slim" xmlns:xsi="http://www.w3.org/2001/XMLSchema-instance" xsi:schemaLocation="http://www.loc.gov/MARC21/slim http://www.loc.gov/standards/marcxml/schema/MARC21slim.xsd"><leader>01579nam a2200457 c 4500</leader><controlfield tag="001">991000036159705502</controlfield><controlfield tag="005">20230327183530.0</controlfield><controlfield tag="008">201011s1998    xxk||||| |||| 00| ||eng d</controlfield><datafield ind1=" " ind2=" " tag="020"><subfield code="a">0415178592</subfield><subfield code="q">hbk.</subfield></datafield><datafield ind1=" " ind2=" " tag="020"><subfield code="a">0415178606</subfield><subfield code="q">pbk.</subfield></datafield><datafield ind1=" " ind2=" " tag="035"><subfield code="a">(swissbib)229696236-41slsp_network</subfield></datafield><datafield ind1=" " ind2=" " tag="035"><subfield code="a">229696236</subfield><subfield code="9">ExL</subfield></datafield><datafield ind1=" " ind2=" " tag="035"><subfield code="a">(RERO)R256049860-41slsp</subfield></datafield><datafield ind1=" " ind2=" " tag="035"><subfield code="a">(IDSBB)003336261DSV01</subfield></datafield><datafield ind1=" " ind2=" " tag="035"><subfield code="a">(EXLNZ-41SLSP_NETWORK)991041456959705501</subfield></datafield><datafield ind1=" " ind2=" " tag="040"><subfield code="a">RERO geufpe</subfield><subfield code="d">CH-ZuSLS</subfield></datafield><datafield ind1=" " ind2="7" tag="072"><subfield code="a">ps</subfield><subfield code="2">rero</subfield></datafield><datafield ind1=" " ind2="7" tag="072"><subfield code="a">ss</subfield><subfield code="2">rero</subfield></datafield><datafield ind1="1" ind2=" " tag="100"><subfield code="a">Lloyd, Barbara Bloom</subfield><subfield code="0">(RERO)A003526738</subfield><subfield code="4">cre</subfield></datafield><datafield ind1="1" ind2="0" tag="245"><subfield code="a">Smoking in adolescence</subfield><subfield code="b">images and identities</subfield><subfield code="c">Barbara Lloyd and Kevin Lucas ; and Janet Holland, Sheena McGrellis and Sean Arnold</subfield></datafield><datafield ind1=" " ind2="1" tag="264"><subfield code="a">London [etc.]</subfield><subfield code="b">Routledge</subfield><subfield code="c">1998</subfield></datafield><datafield ind1=" " ind2=" " tag="300"><subfield code="a">XIII, 215 p.</subfield><subfield code="b">ill.</subfield><subfield code="c">22 cm</subfield></datafield><datafield ind1=" " ind2=" " tag="336"><subfield code="b">txt</subfield><subfield code="2">rdacontent</subfield></datafield><datafield ind1=" " ind2=" " tag="337"><subfield code="b">n</subfield><subfield code="2">rdamedia</subfield></datafield><datafield ind1=" " ind2=" " tag="338"><subfield code="b">nc</subfield><subfield code="2">rdacarrier</subfield></datafield><datafield ind1="1" ind2=" " tag="490"><subfield code="a">Adolescence and society</subfield></datafield><datafield ind1=" " ind2="7" tag="650"><subfield code="a">Jeunes</subfield><subfield code="0">(IDREF)031888577</subfield><subfield code="2">idref</subfield></datafield><datafield ind1=" " ind2="7" tag="650"><subfield code="a">Tabagisme</subfield><subfield code="0">(IDREF)027290328</subfield><subfield code="2">idref</subfield></datafield><datafield ind1=" " ind2="7" tag="650"><subfield code="a">Psychologie</subfield><subfield code="0">(IDREF)027346900</subfield><subfield code="2">idref</subfield></datafield><datafield ind1=" " ind2="7" tag="650"><subfield code="a">Cigarettes</subfield><subfield code="0">(IDREF)028927052</subfield><subfield code="2">idref</subfield></datafield><datafield ind1=" " ind2="7" tag="650"><subfield code="a">Adolescents</subfield><subfield code="0">(IDREF)027276228</subfield><subfield code="2">idref</subfield></datafield><datafield ind1=" " ind2="4" tag="650"><subfield code="a">Gesundheitsverhalten</subfield></datafield><datafield ind1=" " ind2="4" tag="650"><subfield code="a">Jugend</subfield></datafield><datafield ind1=" " ind2="4" tag="650"><subfield code="a">Nicotinmissbrauch</subfield></datafield><datafield ind1=" " ind2="4" tag="650"><subfield code="a">Rauchen</subfield></datafield><datafield ind1=" " ind2="4" tag="651"><subfield code="a">Großbritannien</subfield></datafield><datafield ind1=" " ind2="7" tag="655"><subfield code="a">[Études diverses]</subfield><subfield code="0">(RERO)A022249905</subfield><subfield code="2">rero</subfield></datafield><datafield ind1="1" ind2=" " tag="700"><subfield code="a">Lloyd, Barbara</subfield></datafield><datafield ind1="1" ind2=" " tag="700"><subfield code="a">Holland, Janet</subfield><subfield code="0">(RERO)A003379416</subfield></datafield><datafield ind1="1" ind2=" " tag="700"><subfield code="a">Lucas, Kevin</subfield><subfield code="0">(RERO)A009202092</subfield></datafield><datafield ind1=" " ind2=" " tag="830"><subfield code="a">Adolescence and society</subfield><subfield code="w">(RERO)1237233-41slsp</subfield></datafield><datafield ind1=" " ind2=" " tag="900"><subfield code="a">REROnoselfmerge</subfield></datafield></record>
</metadata></record>