<record><header><identifier>oai:alma.41SLSP_UGE:991000036789705502</identifier><datestamp>2023-03-06T01:08:51Z</datestamp><setSpec>uge_bcen_RapidILL_BOOK</setSpec><setSpec>uge_aaca_RapidILL_BOOK</setSpec><setSpec>uge_abels_RapidILL_BOOK</setSpec><setSpec>uge_dbu_RapidILL_BOOK</setSpec><setSpec>uge_cmu_RapidILL_BOOK</setSpec><setSpec>uge_mail_RapidILL_BOOK</setSpec><setSpec>uge_abbat_RapidILL_BOOK</setSpec><setSpec>UNIGE_ALL</setSpec><setSpec>uge_aobs_RapidILL_BOOK</setSpec><setSpec>uge_acar_RapidILL_BOOK</setSpec></header><metadata>
<record xmlns="http://www.loc.gov/MARC21/slim" xmlns:xsi="http://www.w3.org/2001/XMLSchema-instance" xsi:schemaLocation="http://www.loc.gov/MARC21/slim http://www.loc.gov/standards/marcxml/schema/MARC21slim.xsd"><leader>02186nam a2200385 c 4500</leader><controlfield tag="001">991000036789705502</controlfield><controlfield tag="005">20230305093329.0</controlfield><controlfield tag="008">201011s2009    sz ||||| |||| 00| ||fre d</controlfield><datafield ind1=" " ind2=" " tag="035"><subfield code="a">(swissbib)222196076-41slsp_network</subfield></datafield><datafield ind1=" " ind2=" " tag="035"><subfield code="a">222196076</subfield><subfield code="9">ExL</subfield></datafield><datafield ind1=" " ind2=" " tag="035"><subfield code="a">(RERO)R005342243-41slsp</subfield></datafield><datafield ind1=" " ind2=" " tag="035"><subfield code="a">(NEBIS)005894607EBI01</subfield></datafield><datafield ind1=" " ind2=" " tag="035"><subfield code="a">(EXLNZ-41SLSP_NETWORK)991050654449705501</subfield></datafield><datafield ind1=" " ind2=" " tag="040"><subfield code="a">RERO geuise</subfield><subfield code="d">CH-ZuSLS</subfield></datafield><datafield ind1=" " ind2=" " tag="044"><subfield code="a">sz</subfield><subfield code="c">ch-fr</subfield></datafield><datafield ind1=" " ind2="7" tag="072"><subfield code="a">in</subfield><subfield code="2">rero</subfield></datafield><datafield ind1="0" ind2="0" tag="245"><subfield code="a">Minergie-P</subfield><subfield code="c">[Marco Ragonesi] ... [et al.]</subfield></datafield><datafield ind1=" " ind2="1" tag="264"><subfield code="a">Fribourg</subfield><subfield code="b">Minergie</subfield><subfield code="c">2009</subfield></datafield><datafield ind1=" " ind2=" " tag="300"><subfield code="a">89 p.</subfield><subfield code="b">ill.</subfield></datafield><datafield ind1=" " ind2=" " tag="336"><subfield code="b">txt</subfield><subfield code="2">rdacontent</subfield></datafield><datafield ind1=" " ind2=" " tag="337"><subfield code="b">n</subfield><subfield code="2">rdamedia</subfield></datafield><datafield ind1=" " ind2=" " tag="338"><subfield code="b">nc</subfield><subfield code="2">rdacarrier</subfield></datafield><datafield ind1="8" ind2=" " tag="520"><subfield code="a">Le standard Minergie-P, l'équivalent suisse de la maison passive, est appelé à prendre une ampleur considérable dans un futur proche. Ce livre actuel intégre les toutes dernières informations [2009] en matière de normes et d'exigences et expose de façon claire et précise les principes de construction selon Minergie-P [...] [Ed.] [Contenu] L'essentiel en résumé - Calcul et certification - Enveloppe du bâtiment - Catalogue de construction - Les installations techniques - Protection thermique estivale - Bons exemples - Service</subfield><subfield code="5">RERO/vdcdsp/05.2013</subfield></datafield><datafield ind1=" " ind2="2" tag="650"><subfield code="a">Architecture as Topic</subfield></datafield><datafield ind1=" " ind2="2" tag="650"><subfield code="a">Facility Design and Construction</subfield></datafield><datafield ind1=" " ind2="7" tag="650"><subfield code="a">Construction</subfield><subfield code="0">(IDREF)027286401</subfield><subfield code="2">idref</subfield></datafield><datafield ind1=" " ind2="7" tag="650"><subfield code="a">Écologie</subfield><subfield code="0">(IDREF)027232700</subfield><subfield code="2">idref</subfield></datafield><datafield ind1=" " ind2="7" tag="650"><subfield code="a">Technologie</subfield><subfield code="0">(IDREF)027257215</subfield><subfield code="2">idref</subfield></datafield><datafield ind1=" " ind2="7" tag="650"><subfield code="a">Économies d'énergie</subfield><subfield code="0">(IDREF)027710254</subfield><subfield code="2">idref</subfield></datafield><datafield ind1=" " ind2="7" tag="650"><subfield code="a">ARCHITECTURE À BASSE CONSOMMATION D'ÉNERGIE, ZERO-ENERGIE</subfield><subfield code="9">fre</subfield><subfield code="0">(ETHUDK)000047611</subfield><subfield code="2">ethudk</subfield></datafield><datafield ind1=" " ind2="7" tag="650"><subfield code="a">CONSTRUCTION BIOLOGIQUE + HYGIÈNE DU BÂTIMENT + CONSTRUCTION ÉCOLOGIQUE (BÂTIMENT)</subfield><subfield code="9">fre</subfield><subfield code="0">(ETHUDK)000056988</subfield><subfield code="2">ethudk</subfield></datafield><datafield ind1=" " ind2="7" tag="650"><subfield code="a">ÉCONOMIES D'ÉNERGIE DANS LE BÂTIMENT</subfield><subfield code="9">fre</subfield><subfield code="0">(ETHUDK)000057501</subfield><subfield code="2">ethudk</subfield></datafield><datafield ind1=" " ind2="7" tag="650"><subfield code="a">ÉNERGIES ALTERNATIVES + ÉNERGIES RÉGÉNÉRATIVES (TECHNOLOGIE ÉNERGÉTIQUE)</subfield><subfield code="9">fre</subfield><subfield code="0">(ETHUDK)000027799</subfield><subfield code="2">ethudk</subfield></datafield><datafield ind1=" " ind2="2" tag="651"><subfield code="a">Switzerland</subfield></datafield><datafield ind1="1" ind2=" " tag="700"><subfield code="a">Ragonesi, Marco</subfield><subfield code="0">(RERO)A005931598</subfield></datafield><datafield ind1=" " ind2=" " tag="900"><subfield code="a">REROnoselfmerge</subfield></datafield></record>
</metadata></record>