<record><header><identifier>oai:alma.41SLSP_UGE:991000036579705502</identifier><datestamp>2023-03-01T01:08:53Z</datestamp><setSpec>uge_bcen_RapidILL_BOOK</setSpec><setSpec>uge_aaca_RapidILL_BOOK</setSpec><setSpec>uge_abels_RapidILL_BOOK</setSpec><setSpec>uge_dbu_RapidILL_BOOK</setSpec><setSpec>uge_cmu_RapidILL_BOOK</setSpec><setSpec>uge_mail_RapidILL_BOOK</setSpec><setSpec>UNIGE_ALL</setSpec><setSpec>uge_abbat_RapidILL_BOOK</setSpec><setSpec>uge_aobs_RapidILL_BOOK</setSpec><setSpec>uge_acar_RapidILL_BOOK</setSpec></header><metadata>
<record xmlns="http://www.loc.gov/MARC21/slim" xmlns:xsi="http://www.w3.org/2001/XMLSchema-instance" xsi:schemaLocation="http://www.loc.gov/MARC21/slim http://www.loc.gov/standards/marcxml/schema/MARC21slim.xsd"><leader>01393nam a2200313 c 4500</leader><controlfield tag="001">991000036579705502</controlfield><controlfield tag="005">20230214195910.0</controlfield><controlfield tag="008">030723s1995    fr ||||| |||| 00| ||fre d</controlfield><datafield ind1=" " ind2=" " tag="020"><subfield code="a">2876711850</subfield></datafield><datafield ind1="7" ind2=" " tag="024"><subfield code="a">http://catalogue.bnf.fr/ark:/12148/cb35784391v</subfield><subfield code="2">uri</subfield></datafield><datafield ind1=" " ind2=" " tag="035"><subfield code="a">(swissbib)099214652-41slsp_network</subfield></datafield><datafield ind1=" " ind2=" " tag="035"><subfield code="a">099214652</subfield><subfield code="9">ExL</subfield></datafield><datafield ind1=" " ind2=" " tag="035"><subfield code="a">(RERO)R003391841-41slsp</subfield></datafield><datafield ind1=" " ind2=" " tag="035"><subfield code="a">(EXLNZ-41SLSP_NETWORK)991102972869705501</subfield></datafield><datafield ind1=" " ind2=" " tag="040"><subfield code="a">RERO labdfm</subfield><subfield code="d">CH-ZuSLS</subfield></datafield><datafield ind1=" " ind2="7" tag="072"><subfield code="a">me</subfield><subfield code="2">rero</subfield></datafield><datafield ind1="1" ind2=" " tag="080"><subfield code="a">616.831</subfield></datafield><datafield ind1="0" ind2="0" tag="245"><subfield code="a">Neuropsychologie des traumatismes crâniens graves de l'adulte</subfield><subfield code="b">[textes présentés lors du Forum thématique, Paris, 1993]</subfield><subfield code="c">[organisé par la] Société de neuropsychologie de langue française ; [éd. par] Catherine Bergego et Philippe Azouvi</subfield></datafield><datafield ind1=" " ind2="1" tag="264"><subfield code="a">Paris</subfield><subfield code="b">Frison-Roche</subfield><subfield code="c">1995</subfield></datafield><datafield ind1=" " ind2=" " tag="300"><subfield code="a">295 p.</subfield><subfield code="b">ill.</subfield><subfield code="c">24 cm</subfield></datafield><datafield ind1=" " ind2=" " tag="336"><subfield code="b">txt</subfield><subfield code="2">rdacontent</subfield></datafield><datafield ind1=" " ind2=" " tag="337"><subfield code="b">n</subfield><subfield code="2">rdamedia</subfield></datafield><datafield ind1=" " ind2=" " tag="338"><subfield code="b">nc</subfield><subfield code="2">rdacarrier</subfield></datafield><datafield ind1="8" ind2=" " tag="520"><subfield code="a">Cet ouvrage décrit les pathologies et la rééducation neuropsychologique des traumatismes crâniens graves de l'adultes.</subfield><subfield code="5">RERO/labdfm/9.2004</subfield></datafield><datafield ind1=" " ind2="7" tag="650"><subfield code="a">traumatisme cranno-cérébral</subfield><subfield code="0">(RERO)A009977424</subfield><subfield code="2">rerovoc</subfield></datafield><datafield ind1=" " ind2="7" tag="650"><subfield code="a">Neuropsychologie</subfield><subfield code="0">(IDREF)027241041</subfield><subfield code="2">idref</subfield></datafield><datafield ind1=" " ind2="7" tag="650"><subfield code="a">Adultes</subfield><subfield code="0">(IDREF)027820475</subfield><subfield code="2">idref</subfield></datafield><datafield ind1="1" ind2=" " tag="700"><subfield code="a">Bergego, Catherine</subfield><subfield code="d">1949-1994</subfield><subfield code="0">(IDREF)030374669</subfield></datafield><datafield ind1="2" ind2=" " tag="710"><subfield code="a">Société de neuropsychologie de langue française</subfield><subfield code="0">(IDREF)026422719</subfield></datafield><datafield ind1=" " ind2=" " tag="900"><subfield code="a">REROnoselfmerge</subfield></datafield></record>
</metadata></record>