<record><header><identifier>oai:alma.41SLSP_UGE:991000036259705502</identifier><datestamp>2023-07-02T00:12:26Z</datestamp><setSpec>uge_bcen_RapidILL_BOOK</setSpec><setSpec>uge_aaca_RapidILL_BOOK</setSpec><setSpec>uge_abels_RapidILL_BOOK</setSpec><setSpec>uge_dbu_RapidILL_BOOK</setSpec><setSpec>uge_cmu_RapidILL_BOOK</setSpec><setSpec>uge_mail_RapidILL_BOOK</setSpec><setSpec>uge_abbat_RapidILL_BOOK</setSpec><setSpec>UNIGE_ALL</setSpec><setSpec>uge_aobs_RapidILL_BOOK</setSpec><setSpec>uge_acar_RapidILL_BOOK</setSpec></header><metadata>
<record xmlns="http://www.loc.gov/MARC21/slim" xmlns:xsi="http://www.w3.org/2001/XMLSchema-instance" xsi:schemaLocation="http://www.loc.gov/MARC21/slim http://www.loc.gov/standards/marcxml/schema/MARC21slim.xsd"><leader>01869nam a2200457 c 4500</leader><controlfield tag="001">991000036259705502</controlfield><controlfield tag="005">20230625141901.0</controlfield><controlfield tag="008">100803s2010    fr ||||| |||| 00| ||fre d</controlfield><datafield ind1=" " ind2=" " tag="020"><subfield code="a">9782070122387</subfield></datafield><datafield ind1="7" ind2=" " tag="024"><subfield code="a">http://catalogue.bnf.fr/ark:/12148/cb42292885v</subfield><subfield code="2">uri</subfield></datafield><datafield ind1=" " ind2=" " tag="035"><subfield code="a">(swissbib)11067829X-41slsp_network</subfield></datafield><datafield ind1=" " ind2=" " tag="035"><subfield code="a">11067829X</subfield><subfield code="9">ExL</subfield></datafield><datafield ind1=" " ind2=" " tag="035"><subfield code="a">(RERO)R005501439-41slsp</subfield></datafield><datafield ind1=" " ind2=" " tag="035"><subfield code="a">(EXLNZ-41SLSP_NETWORK)991117717879705501</subfield></datafield><datafield ind1=" " ind2=" " tag="040"><subfield code="a">RERO frbcuc</subfield><subfield code="d">CH-ZuSLS</subfield></datafield><datafield ind1="1" ind2=" " tag="041"><subfield code="a">fre</subfield><subfield code="h">eng</subfield></datafield><datafield ind1=" " ind2="7" tag="072"><subfield code="a">ht</subfield><subfield code="2">rero</subfield></datafield><datafield ind1=" " ind2="7" tag="072"><subfield code="a">et</subfield><subfield code="2">rero</subfield></datafield><datafield ind1="1" ind2=" " tag="100"><subfield code="a">Goody, Jack</subfield><subfield code="d">1919-2015</subfield><subfield code="0">(IDREF)026897180</subfield><subfield code="4">cre</subfield></datafield><datafield ind1="1" ind2="0" tag="245"><subfield code="a">&lt;&lt;Le&gt;&gt; vol de l'histoire</subfield><subfield code="b">comment l'Europe a imposé le récit de son passé au reste du monde</subfield><subfield code="c">Jack Goody ; traduit de l'anglais par Fabienne Durand-Bogaert</subfield></datafield><datafield ind1=" " ind2="1" tag="264"><subfield code="a">Paris</subfield><subfield code="b">Gallimard</subfield><subfield code="c">2010</subfield></datafield><datafield ind1=" " ind2=" " tag="300"><subfield code="a">487 p.</subfield></datafield><datafield ind1=" " ind2=" " tag="336"><subfield code="b">txt</subfield><subfield code="2">rdacontent</subfield></datafield><datafield ind1=" " ind2=" " tag="337"><subfield code="b">n</subfield><subfield code="2">rdamedia</subfield></datafield><datafield ind1=" " ind2=" " tag="338"><subfield code="b">nc</subfield><subfield code="2">rdacarrier</subfield></datafield><datafield ind1="0" ind2=" " tag="490"><subfield code="a">NRF essais</subfield></datafield><datafield ind1=" " ind2=" " tag="500"><subfield code="a">Traduit de: The theft of history</subfield></datafield><datafield ind1=" " ind2=" " tag="504"><subfield code="a">Bibliographie: p. 421-440</subfield></datafield><datafield ind1="4" ind2=" " tag="510"><subfield code="a">La vie des idées (en ligne). - 26.04.2011 (Jacques Revel)</subfield></datafield><datafield ind1="1" ind2="7" tag="600"><subfield code="a">Needham, Joseph</subfield><subfield code="d">1900-1995</subfield><subfield code="0">(IDREF)027045765</subfield><subfield code="2">idref</subfield></datafield><datafield ind1="1" ind2="7" tag="600"><subfield code="a">Elias, Norbert</subfield><subfield code="d">1897-1990</subfield><subfield code="0">(IDREF)027288579</subfield><subfield code="2">idref</subfield></datafield><datafield ind1="1" ind2="7" tag="600"><subfield code="a">Braudel, Fernand</subfield><subfield code="d">1902-1985</subfield><subfield code="0">(IDREF)026750236</subfield><subfield code="2">idref</subfield></datafield><datafield ind1=" " ind2="7" tag="650"><subfield code="a">Civilisation</subfield><subfield code="0">(IDREF)027784711</subfield><subfield code="2">idref</subfield></datafield><datafield ind1=" " ind2="7" tag="650"><subfield code="a">2500 av. J.-C.-20e siècle</subfield><subfield code="0">(RERO)A026984216</subfield><subfield code="2">rero</subfield></datafield><datafield ind1=" " ind2="7" tag="650"><subfield code="a">Société</subfield><subfield code="0">(IDREF)269230165</subfield><subfield code="2">idref</subfield></datafield><datafield ind1=" " ind2="7" tag="650"><subfield code="a">Ethnocentrisme</subfield><subfield code="0">(IDREF)027432955</subfield><subfield code="2">idref</subfield></datafield><datafield ind1=" " ind2="7" tag="650"><subfield code="a">Antiquité</subfield><subfield code="0">(IDREF)027789888</subfield><subfield code="2">idref</subfield></datafield><datafield ind1=" " ind2="7" tag="650"><subfield code="a">Histoire</subfield><subfield code="0">(IDREF)02726470X</subfield><subfield code="2">idref</subfield></datafield><datafield ind1=" " ind2="7" tag="650"><subfield code="a">Valeurs (philosophie)</subfield><subfield code="0">(IDREF)027284611</subfield><subfield code="2">idref</subfield></datafield><datafield ind1=" " ind2="7" tag="651"><subfield code="a">Occident</subfield><subfield code="0">(IDREF)097857300</subfield><subfield code="2">idref</subfield></datafield><datafield ind1="1" ind2=" " tag="700"><subfield code="a">Durand-Bogaert, Fabienne</subfield><subfield code="0">(IDREF)028293649</subfield></datafield><datafield ind1="4" ind2="2" tag="856"><subfield code="3">Compte-rendu:</subfield><subfield code="u">http://www.laviedesidees.fr/Le-recit-du-monde.html</subfield></datafield><datafield ind1=" " ind2=" " tag="961"><subfield code="2">gsi</subfield><subfield code="a">930</subfield><subfield code="9">LOCAL</subfield></datafield></record>
</metadata></record>