<record><header><identifier>oai:alma.41SLSP_UGE:991000036589705502</identifier><datestamp>2024-09-13T00:08:39Z</datestamp><setSpec>uge_bcen_RapidILL_BOOK</setSpec><setSpec>uge_aaca_RapidILL_BOOK</setSpec><setSpec>uge_abels_RapidILL_BOOK</setSpec><setSpec>uge_dbu_RapidILL_BOOK</setSpec><setSpec>uge_cmu_RapidILL_BOOK</setSpec><setSpec>uge_mail_RapidILL_BOOK</setSpec><setSpec>uge_abbat_RapidILL_BOOK</setSpec><setSpec>UNIGE_ALL</setSpec><setSpec>uge_aobs_RapidILL_BOOK</setSpec><setSpec>uge_acar_RapidILL_BOOK</setSpec></header><metadata>
<record xmlns="http://www.loc.gov/MARC21/slim" xmlns:xsi="http://www.w3.org/2001/XMLSchema-instance" xsi:schemaLocation="http://www.loc.gov/MARC21/slim http://www.loc.gov/standards/marcxml/schema/MARC21slim.xsd"><leader>02006nam a2200361 c 4500</leader><controlfield tag="001">991000036589705502</controlfield><controlfield tag="005">20240912202232.0</controlfield><controlfield tag="008">201011s2002    ne ||||| m||| 00| ||eng d</controlfield><datafield ind1=" " ind2=" " tag="020"><subfield code="a">9057440784</subfield></datafield><datafield ind1=" " ind2=" " tag="035"><subfield code="a">(swissbib)219600333-41slsp_network</subfield></datafield><datafield ind1=" " ind2=" " tag="035"><subfield code="a">219600333</subfield><subfield code="9">ExL</subfield></datafield><datafield ind1=" " ind2=" " tag="035"><subfield code="a">(RERO)R003283731-41slsp</subfield></datafield><datafield ind1=" " ind2=" " tag="035"><subfield code="a">(IDSBB)002647918DSV01</subfield></datafield><datafield ind1=" " ind2=" " tag="035"><subfield code="a">(EXLNZ-41SLSP_NETWORK)991102088109705501</subfield></datafield><datafield ind1=" " ind2=" " tag="040"><subfield code="a">RERO geusst</subfield><subfield code="d">CH-ZuSLS</subfield></datafield><datafield ind1=" " ind2="7" tag="072"><subfield code="a">st</subfield><subfield code="2">rero</subfield></datafield><datafield ind1=" " ind2="7" tag="072"><subfield code="a">ge</subfield><subfield code="2">SzZuIDS BS/BE</subfield></datafield><datafield ind1="1" ind2=" " tag="100"><subfield code="a">Meijer, Xander Dagmar</subfield><subfield code="0">(RERO)A009040450</subfield><subfield code="4">cre</subfield></datafield><datafield ind1="1" ind2="0" tag="245"><subfield code="a">Quantitative three-dimensional modelling of quaternary passive continental margins</subfield><subfield code="b">forward modelling of the morphological evolution, sediment characteristics and sequence stratigraphy of river-shelf sedimentary systems = Kwantitatieve driedimensionale modellering van kwartaire passieve continentale marges : modellering van de morfologische ontwikkeling, sediment karakteristieken en sequentie stratigrafie van rivier-shelf sedimentaire systemen (met een samenvatting in het Nederlands)</subfield><subfield code="c">Xander Dagmar Meijer</subfield></datafield><datafield ind1="1" ind2=" " tag="246"><subfield code="a">Kwantitatieve driedimensionale modellering van kwartaire passieve continentale marges</subfield><subfield code="b">modellering van de morfologische ontwikkeling, sediment karakteristieken en sequentie stratigrafie van rivier-shelf sedimentaire systemen (met een samenvatting in het Nederlands)</subfield></datafield><datafield ind1="1" ind2="1" tag="246"><subfield code="a">Kwantitatieve driedimensionale modellering van Kwartaire passieve continentale marges</subfield></datafield><datafield ind1=" " ind2="1" tag="264"><subfield code="a">Utrecht</subfield><subfield code="b">Faculteit Aardwetenschappen Universiteit Utrecht</subfield><subfield code="c">2002</subfield></datafield><datafield ind1=" " ind2=" " tag="300"><subfield code="a">87 p</subfield><subfield code="b">ill.</subfield><subfield code="c">24 cm</subfield></datafield><datafield ind1=" " ind2=" " tag="336"><subfield code="b">txt</subfield><subfield code="2">rdacontent</subfield></datafield><datafield ind1=" " ind2=" " tag="337"><subfield code="b">n</subfield><subfield code="2">rdamedia</subfield></datafield><datafield ind1=" " ind2=" " tag="338"><subfield code="b">nc</subfield><subfield code="2">rdacarrier</subfield></datafield><datafield ind1="1" ind2=" " tag="490"><subfield code="a">Geologica ultraiectina</subfield><subfield code="v">no. 221</subfield></datafield><datafield ind1=" " ind2=" " tag="500"><subfield code="a">Texte en anglais avec résumé en hollandais</subfield></datafield><datafield ind1=" " ind2=" " tag="502"><subfield code="a">Proefschrift Univ. Utrecht, 2002</subfield></datafield><datafield ind1=" " ind2=" " tag="504"><subfield code="a">Bibliogr. : p. 73-76</subfield></datafield><datafield ind1=" " ind2="7" tag="655"><subfield code="a">Hochschulschrift</subfield><subfield code="2">gnd-content</subfield></datafield><datafield ind1=" " ind2=" " tag="830"><subfield code="a">Geologica ultraiectina</subfield><subfield code="v">221</subfield><subfield code="w">(IDSBB)000089851DSV01</subfield></datafield><datafield ind1=" " ind2=" " tag="830"><subfield code="a">Geologica ultraiectina</subfield><subfield code="v">221</subfield><subfield code="w">(RERO)1045203-41slsp</subfield></datafield><datafield ind1=" " ind2=" " tag="900"><subfield code="a">REROnoselfmerge</subfield></datafield></record>
</metadata></record>