<record><header><identifier>oai:alma.41SLSP_UGE:991000036489705502</identifier><datestamp>2023-03-30T00:10:12Z</datestamp><setSpec>uge_bcen_RapidILL_BOOK</setSpec><setSpec>uge_aaca_RapidILL_BOOK</setSpec><setSpec>uge_abels_RapidILL_BOOK</setSpec><setSpec>uge_dbu_RapidILL_BOOK</setSpec><setSpec>uge_cmu_RapidILL_BOOK</setSpec><setSpec>uge_mail_RapidILL_BOOK</setSpec><setSpec>uge_abbat_RapidILL_BOOK</setSpec><setSpec>UNIGE_ALL</setSpec><setSpec>uge_acar_RapidILL_BOOK</setSpec><setSpec>uge_aobs_RapidILL_BOOK</setSpec></header><metadata>
<record xmlns="http://www.loc.gov/MARC21/slim" xmlns:xsi="http://www.w3.org/2001/XMLSchema-instance" xsi:schemaLocation="http://www.loc.gov/MARC21/slim http://www.loc.gov/standards/marcxml/schema/MARC21slim.xsd"><leader>01815nam a2200373 c 4500</leader><controlfield tag="001">991000036489705502</controlfield><controlfield tag="005">20230329202149.0</controlfield><controlfield tag="008">201011s1971    fr ||||| |||| 10| ||eng d</controlfield><datafield ind1=" " ind2=" " tag="035"><subfield code="a">(swissbib)212850075-41slsp_network</subfield></datafield><datafield ind1=" " ind2=" " tag="035"><subfield code="a">212850075</subfield><subfield code="9">ExL</subfield></datafield><datafield ind1=" " ind2=" " tag="035"><subfield code="a">(RERO)R260022660-41slsp</subfield></datafield><datafield ind1=" " ind2=" " tag="035"><subfield code="a">(NEBIS)004741185EBI01</subfield></datafield><datafield ind1=" " ind2=" " tag="035"><subfield code="a">(EXLNZ-41SLSP_NETWORK)991001437799705501</subfield></datafield><datafield ind1=" " ind2=" " tag="040"><subfield code="a">RERO geussc</subfield><subfield code="d">CH-ZuSLS</subfield></datafield><datafield ind1="0" ind2=" " tag="041"><subfield code="a">eng</subfield><subfield code="a">fre</subfield><subfield code="a">ger</subfield></datafield><datafield ind1=" " ind2="7" tag="072"><subfield code="a">py</subfield><subfield code="2">rero</subfield></datafield><datafield ind1=" " ind2="7" tag="072"><subfield code="a">bi</subfield><subfield code="2">rero</subfield></datafield><datafield ind1="0" ind2="0" tag="245"><subfield code="a">Premier congrès européen de l'Association internationale de radioprotection sur la protection contre les rayonnements de faible énergie ou de faible parcours et les effets biologiques de l'irradiation, organisé par la Société française de radioprotection, Menton, 9-10-11 octobre 1968</subfield><subfield code="c">[éd. P. Pellerin]</subfield></datafield><datafield ind1=" " ind2="1" tag="264"><subfield code="a">Le Vésinet</subfield><subfield code="b">c</subfield></datafield><datafield ind1=" " ind2=" " tag="300"><subfield code="a">VI, 394 p.</subfield><subfield code="b">ill.</subfield><subfield code="c">27 cm</subfield></datafield><datafield ind1=" " ind2=" " tag="336"><subfield code="b">txt</subfield><subfield code="2">rdacontent</subfield></datafield><datafield ind1=" " ind2=" " tag="337"><subfield code="b">n</subfield><subfield code="2">rdamedia</subfield></datafield><datafield ind1=" " ind2=" " tag="338"><subfield code="b">nc</subfield><subfield code="2">rdacarrier</subfield></datafield><datafield ind1=" " ind2="7" tag="650"><subfield code="a">Radioprotection</subfield><subfield code="0">(IDREF)027425177</subfield><subfield code="2">idref</subfield></datafield><datafield ind1=" " ind2="7" tag="650"><subfield code="a">radiation - effet</subfield><subfield code="0">(RERO)A010138005</subfield><subfield code="2">rerovoc</subfield></datafield><datafield ind1=" " ind2="7" tag="650"><subfield code="a">Biologie</subfield><subfield code="0">(IDREF)027388050</subfield><subfield code="2">idref</subfield></datafield><datafield ind1=" " ind2="7" tag="655"><subfield code="a">Actes de congrès</subfield><subfield code="0">(IDREF)02886431X</subfield><subfield code="2">idref</subfield></datafield><datafield ind1=" " ind2="7" tag="655"><subfield code="a">Konferenzschrift</subfield><subfield code="z">Menton</subfield><subfield code="y">1968</subfield><subfield code="2">gnd-content</subfield></datafield><datafield ind1="1" ind2=" " tag="700"><subfield code="a">Pellerin, P</subfield><subfield code="0">(RERO)A005774372</subfield></datafield><datafield ind1="2" ind2=" " tag="710"><subfield code="a">Association internationale pour la protection contre les radiations</subfield><subfield code="0">(IDREF)026621657</subfield></datafield><datafield ind1="2" ind2=" " tag="710"><subfield code="6">880-04</subfield><subfield code="a">Société française de radioprotection</subfield><subfield code="0">(IDREF)026423839</subfield></datafield><datafield ind1="2" ind2=" " tag="880"><subfield code="a">Société française de radioprotection</subfield><subfield code="0">(DE-588)7158-4</subfield><subfield code="6">710-04</subfield></datafield><datafield ind1="2" ind2=" " tag="711"><subfield code="a">International Congress of Radiation Protection</subfield><subfield code="0">(DE-588)16787-3</subfield></datafield><datafield ind1="2" ind2=" " tag="711"><subfield code="a">Congrès européen sur la protection contre les rayonnements de faible énergie ou de faible parcours et les effets biologiques de l'irradiation</subfield><subfield code="n">1</subfield><subfield code="d">1968</subfield><subfield code="c">Menton</subfield></datafield><datafield ind1=" " ind2=" " tag="900"><subfield code="a">REROnoselfmerge</subfield></datafield></record>
</metadata></record>