<record><header><identifier>oai:alma.41SLSP_UGE:991000036279705502</identifier><datestamp>2023-03-01T01:08:53Z</datestamp><setSpec>uge_bcen_RapidILL_BOOK</setSpec><setSpec>uge_aaca_RapidILL_BOOK</setSpec><setSpec>uge_abels_RapidILL_BOOK</setSpec><setSpec>uge_dbu_RapidILL_BOOK</setSpec><setSpec>uge_cmu_RapidILL_BOOK</setSpec><setSpec>uge_mail_RapidILL_BOOK</setSpec><setSpec>UNIGE_ALL</setSpec><setSpec>uge_abbat_RapidILL_BOOK</setSpec><setSpec>uge_aobs_RapidILL_BOOK</setSpec><setSpec>uge_acar_RapidILL_BOOK</setSpec></header><metadata>
<record xmlns="http://www.loc.gov/MARC21/slim" xmlns:xsi="http://www.w3.org/2001/XMLSchema-instance" xsi:schemaLocation="http://www.loc.gov/MARC21/slim http://www.loc.gov/standards/marcxml/schema/MARC21slim.xsd"><leader>01065nam a2200277 c 4500</leader><controlfield tag="001">991000036279705502</controlfield><controlfield tag="005">20210326151456.0</controlfield><controlfield tag="008">200629t20202020xxu||||| |||| 00| ||eng d</controlfield><datafield ind1=" " ind2=" " tag="020"><subfield code="a">9781631492396</subfield></datafield><datafield ind1=" " ind2=" " tag="035"><subfield code="a">(swissbib)126577633-41slsp_network</subfield></datafield><datafield ind1=" " ind2=" " tag="035"><subfield code="a">126577633</subfield><subfield code="9">ExL</subfield></datafield><datafield ind1=" " ind2=" " tag="035"><subfield code="a">(RERO)R009055187-41slsp</subfield></datafield><datafield ind1=" " ind2=" " tag="035"><subfield code="a">(EXLNZ-41SLSP_NETWORK)991121867369705501</subfield></datafield><datafield ind1=" " ind2=" " tag="040"><subfield code="a">RERO geulhg</subfield><subfield code="d">CH-ZuSLS</subfield></datafield><datafield ind1="1" ind2=" " tag="100"><subfield code="a">Mikhail, Alan</subfield><subfield code="d">1979-....</subfield><subfield code="0">(IDREF)155652710</subfield><subfield code="4">aut</subfield></datafield><datafield ind1="1" ind2="0" tag="245"><subfield code="a">God's shadow</subfield><subfield code="b">Sultan Selim, his Ottoman Empire, and the making of the modern world</subfield><subfield code="c">Alan Mikhail</subfield></datafield><datafield ind1=" " ind2="1" tag="264"><subfield code="a">New York</subfield><subfield code="a">London</subfield><subfield code="b">Liveright Publishing Corporation - a division of W. W. Norton &amp; Company</subfield><subfield code="c">[2020]</subfield></datafield><datafield ind1=" " ind2="4" tag="264"><subfield code="c">© 2020</subfield></datafield><datafield ind1=" " ind2=" " tag="300"><subfield code="a">viii, 479 pages, [16] pages of plates</subfield><subfield code="b">maps, illustrations</subfield></datafield><datafield ind1=" " ind2=" " tag="336"><subfield code="b">txt</subfield><subfield code="2">rdacontent</subfield></datafield><datafield ind1=" " ind2=" " tag="337"><subfield code="b">n</subfield><subfield code="2">rdamedia</subfield></datafield><datafield ind1=" " ind2=" " tag="338"><subfield code="b">nc</subfield><subfield code="2">rdacarrier</subfield></datafield><datafield ind1=" " ind2=" " tag="504"><subfield code="a">Index</subfield></datafield><datafield ind1="0" ind2="7" tag="600"><subfield code="a">Selim</subfield><subfield code="b">I</subfield><subfield code="c">sultan ottoman</subfield><subfield code="d">1466-1520</subfield><subfield code="0">(IDREF)029673364</subfield><subfield code="2">idref</subfield></datafield><datafield ind1=" " ind2="7" tag="651"><subfield code="a">Empire ottoman</subfield><subfield code="y">1512-1520 (Selim I)</subfield><subfield code="0">(IDREF)034176934</subfield><subfield code="2">idref</subfield></datafield><datafield ind1=" " ind2=" " tag="900"><subfield code="a">REROnoselfmerge</subfield></datafield><datafield ind1=" " ind2=" " tag="903"><subfield code="a">RERO-SIGN</subfield><subfield code="5">UNIGE/20210326/yvc</subfield></datafield></record>
</metadata></record>