<record><header><identifier>oai:alma.41SLSP_UGE:991000035959705502</identifier><datestamp>2024-05-02T00:11:13Z</datestamp><setSpec>uge_bcen_RapidILL_BOOK</setSpec><setSpec>uge_aaca_RapidILL_BOOK</setSpec><setSpec>uge_abels_RapidILL_BOOK</setSpec><setSpec>uge_dbu_RapidILL_BOOK</setSpec><setSpec>uge_cmu_RapidILL_BOOK</setSpec><setSpec>uge_mail_RapidILL_BOOK</setSpec><setSpec>uge_abbat_RapidILL_BOOK</setSpec><setSpec>UNIGE_ALL</setSpec><setSpec>uge_acar_RapidILL_BOOK</setSpec><setSpec>uge_aobs_RapidILL_BOOK</setSpec></header><metadata>
<record xmlns="http://www.loc.gov/MARC21/slim" xmlns:xsi="http://www.w3.org/2001/XMLSchema-instance" xsi:schemaLocation="http://www.loc.gov/MARC21/slim http://www.loc.gov/standards/marcxml/schema/MARC21slim.xsd"><leader>02174nam a2200577 c 4500</leader><controlfield tag="001">991000035959705502</controlfield><controlfield tag="005">20230305085641.0</controlfield><controlfield tag="008">201011s1980    gw ||||| |||| 00| ||ger d</controlfield><datafield ind1=" " ind2=" " tag="020"><subfield code="a">3534075080</subfield></datafield><datafield ind1=" " ind2=" " tag="035"><subfield code="a">(swissbib)211860190-41slsp_network</subfield></datafield><datafield ind1=" " ind2=" " tag="035"><subfield code="a">211860190</subfield><subfield code="9">ExL</subfield></datafield><datafield ind1=" " ind2=" " tag="035"><subfield code="a">(RERO)0804247-41slsp</subfield></datafield><datafield ind1=" " ind2=" " tag="035"><subfield code="a">(IDSLU)000179241ILU01</subfield></datafield><datafield ind1=" " ind2=" " tag="035"><subfield code="a">(NEBIS)000201444EBI01</subfield></datafield><datafield ind1=" " ind2=" " tag="035"><subfield code="a">(IDSBB)000436329DSV01</subfield></datafield><datafield ind1=" " ind2=" " tag="035"><subfield code="a">(EXLNZ-41SLSP_NETWORK)991120453629705501</subfield></datafield><datafield ind1=" " ind2=" " tag="040"><subfield code="a">RERO labcud</subfield><subfield code="d">CH-ZuSLS</subfield></datafield><datafield ind1=" " ind2="7" tag="072"><subfield code="a">th</subfield><subfield code="2">rero</subfield></datafield><datafield ind1=" " ind2="7" tag="072"><subfield code="a">730</subfield><subfield code="2">IDS LU</subfield></datafield><datafield ind1=" " ind2="7" tag="072"><subfield code="a">th</subfield><subfield code="2">SzZuIDS BS/BE</subfield></datafield><datafield ind1="1" ind2=" " tag="080"><subfield code="a">226.1</subfield></datafield><datafield ind1="0" ind2="4" tag="082"><subfield code="a">226.207MAT</subfield></datafield><datafield ind1="0" ind2="4" tag="082"><subfield code="a">226.2</subfield><subfield code="b">M43</subfield></datafield><datafield ind1=" " ind2=" " tag="084"><subfield code="a">BB 7000 - BB 9000</subfield><subfield code="2">rvk</subfield></datafield><datafield ind1=" " ind2=" " tag="084"><subfield code="a">BC 7220</subfield><subfield code="2">rvk</subfield></datafield><datafield ind1="0" ind2="0" tag="245"><subfield code="a">&lt;&lt;Das&gt;&gt; Matthäus-Evangelium</subfield><subfield code="c">hrsg. von Joachim Lange</subfield></datafield><datafield ind1=" " ind2="1" tag="264"><subfield code="a">Darmstadt</subfield><subfield code="b">Wissenschaftliche Buchgesellschaft</subfield><subfield code="c">1980</subfield></datafield><datafield ind1=" " ind2=" " tag="300"><subfield code="a">VI, 464 p.</subfield><subfield code="c">20 cm</subfield></datafield><datafield ind1=" " ind2=" " tag="336"><subfield code="b">txt</subfield><subfield code="2">rdacontent</subfield></datafield><datafield ind1=" " ind2=" " tag="337"><subfield code="b">n</subfield><subfield code="2">rdamedia</subfield></datafield><datafield ind1=" " ind2=" " tag="338"><subfield code="b">nc</subfield><subfield code="2">rdacarrier</subfield></datafield><datafield ind1="1" ind2=" " tag="490"><subfield code="a">Wege der Forschung</subfield><subfield code="v">Bd. 525</subfield></datafield><datafield ind1="0" ind2="7" tag="630"><subfield code="a">Bible</subfield><subfield code="p">NT</subfield><subfield code="p">Matthieu</subfield><subfield code="0">(RERO)A009967543</subfield><subfield code="2">rero</subfield></datafield><datafield ind1="0" ind2="7" tag="630"><subfield code="a">Bibel</subfield><subfield code="p">Matthäusevangelium</subfield><subfield code="0">(DE-588)4038001-4</subfield><subfield code="2">gnd</subfield></datafield><datafield ind1="0" ind2="0" tag="630"><subfield code="a">Bible</subfield><subfield code="p">Matthew</subfield><subfield code="v">Commentaries</subfield></datafield><datafield ind1="0" ind2="0" tag="630"><subfield code="a">Bible</subfield><subfield code="p">Matthew</subfield><subfield code="x">Criticism, interpretation, etc</subfield></datafield><datafield ind1="0" ind2="0" tag="630"><subfield code="a">Bybel</subfield><subfield code="n">N.T</subfield><subfield code="p">Mattheus</subfield><subfield code="x">Eksegese</subfield></datafield><datafield ind1=" " ind2="7" tag="650"><subfield code="a">Exégèse</subfield><subfield code="0">(IDREF)027791114</subfield><subfield code="2">idref</subfield></datafield><datafield ind1=" " ind2="7" tag="650"><subfield code="a">Critique rédactionnelle</subfield><subfield code="0">(IDREF)02898482X</subfield><subfield code="2">idref</subfield></datafield><datafield ind1=" " ind2="7" tag="650"><subfield code="a">MATTHÄUS-EVANGELIUM (THEOLOGIE)</subfield><subfield code="9">ger</subfield><subfield code="0">(ETHUDK)000056114</subfield><subfield code="2">ethudk</subfield></datafield><datafield ind1=" " ind2="7" tag="650"><subfield code="a">Matthäus</subfield><subfield code="c">Evangelist</subfield><subfield code="x">Erklärung</subfield><subfield code="2">idsbb</subfield></datafield><datafield ind1=" " ind2="7" tag="655"><subfield code="a">[Études diverses]</subfield><subfield code="0">(RERO)A022249905</subfield><subfield code="2">rero</subfield></datafield><datafield ind1=" " ind2="7" tag="655"><subfield code="a">Aufsatzsammlung</subfield><subfield code="2">gnd-content</subfield></datafield><datafield ind1=" " ind2=" " tag="690"><subfield code="a">Matthäus-Evangelium. A.D</subfield><subfield code="2">rzs-L1</subfield></datafield><datafield ind1="1" ind2=" " tag="700"><subfield code="a">Lange, Joachim</subfield><subfield code="c">exégète</subfield><subfield code="0">(IDREF)080087892</subfield></datafield><datafield ind1="4" ind2=" " tag="856"><subfield code="3">Inhaltsverzeichnis</subfield><subfield code="u">http://www.ub.unibas.ch/tox/IDSLUZ/000179241/PDF</subfield><subfield code="q">pdf</subfield></datafield><datafield ind1=" " ind2=" " tag="830"><subfield code="a">Wege der Forschung</subfield><subfield code="v">525</subfield><subfield code="w">(IDSBB)000006852DSV01</subfield></datafield><datafield ind1=" " ind2=" " tag="830"><subfield code="a">Wege der Forschung</subfield><subfield code="v">525</subfield><subfield code="w">(NEBIS)000038687EBI01</subfield></datafield><datafield ind1=" " ind2=" " tag="830"><subfield code="a">Wege der Forschung</subfield><subfield code="v">525</subfield><subfield code="w">(IDSLU)000204019ILU01</subfield></datafield><datafield ind1=" " ind2=" " tag="900"><subfield code="a">REROnoselfmerge</subfield></datafield><datafield ind1=" " ind2=" " tag="900"><subfield code="a">IDSZRMedeaZBZ</subfield><subfield code="b">IDSZRSWK</subfield></datafield><datafield ind1=" " ind2=" " tag="949"><subfield code="a">http://www.ub.unibas.ch/tox/IDSLUZ/000179241/PDF</subfield></datafield></record>
</metadata></record>