<record><header><identifier>oai:alma.41SLSP_UGE:991000036809705502</identifier><datestamp>2023-04-14T00:13:16Z</datestamp><setSpec>uge_bcen_RapidILL_BOOK</setSpec><setSpec>uge_aaca_RapidILL_BOOK</setSpec><setSpec>uge_abels_RapidILL_BOOK</setSpec><setSpec>uge_dbu_RapidILL_BOOK</setSpec><setSpec>uge_cmu_RapidILL_BOOK</setSpec><setSpec>uge_mail_RapidILL_BOOK</setSpec><setSpec>uge_abbat_RapidILL_BOOK</setSpec><setSpec>UNIGE_ALL</setSpec><setSpec>uge_acar_RapidILL_BOOK</setSpec><setSpec>uge_aobs_RapidILL_BOOK</setSpec></header><metadata>
<record xmlns="http://www.loc.gov/MARC21/slim" xmlns:xsi="http://www.w3.org/2001/XMLSchema-instance" xsi:schemaLocation="http://www.loc.gov/MARC21/slim http://www.loc.gov/standards/marcxml/schema/MARC21slim.xsd"><leader>02758nam a2200685 c 4500</leader><controlfield tag="001">991000036809705502</controlfield><controlfield tag="005">20230413204202.0</controlfield><controlfield tag="008">201011s2009    xxk||||| |||| 00| ||eng d</controlfield><datafield ind1=" " ind2=" " tag="020"><subfield code="a">0199578486</subfield></datafield><datafield ind1=" " ind2=" " tag="020"><subfield code="a">9780199578481</subfield></datafield><datafield ind1=" " ind2=" " tag="035"><subfield code="a">(swissbib)213010704-41slsp_network</subfield></datafield><datafield ind1=" " ind2=" " tag="035"><subfield code="a">213010704</subfield><subfield code="9">ExL</subfield></datafield><datafield ind1=" " ind2=" " tag="035"><subfield code="a">(RERO)R005365225-41slsp</subfield></datafield><datafield ind1=" " ind2=" " tag="035"><subfield code="a">(NEBIS)005946203EBI01</subfield></datafield><datafield ind1=" " ind2=" " tag="035"><subfield code="a">(IDSBB)005180464DSV01</subfield></datafield><datafield ind1=" " ind2=" " tag="035"><subfield code="a">(OCoLC)489393998</subfield></datafield><datafield ind1=" " ind2=" " tag="035"><subfield code="a">(EXLNZ-41SLSP_NETWORK)991076785899705501</subfield></datafield><datafield ind1=" " ind2=" " tag="040"><subfield code="a">RERO frbcuc</subfield><subfield code="d">CH-ZuSLS</subfield></datafield><datafield ind1=" " ind2=" " tag="050"><subfield code="a">BS480</subfield></datafield><datafield ind1=" " ind2="7" tag="072"><subfield code="a">an</subfield><subfield code="2">rero</subfield></datafield><datafield ind1=" " ind2="7" tag="072"><subfield code="a">an</subfield><subfield code="2">SzZuIDS BS/BE</subfield></datafield><datafield ind1="0" ind2="4" tag="082"><subfield code="a">220.6</subfield><subfield code="2">22</subfield></datafield><datafield ind1="0" ind2="4" tag="082"><subfield code="a">273.6</subfield><subfield code="2">22</subfield></datafield><datafield ind1="0" ind2="4" tag="082"><subfield code="a">284.3</subfield><subfield code="2">22</subfield></datafield><datafield ind1="0" ind2="4" tag="082"><subfield code="a">284.3092</subfield></datafield><datafield ind1=" " ind2=" " tag="084"><subfield code="a">HH 1145</subfield><subfield code="2">rvk</subfield></datafield><datafield ind1="0" ind2="0" tag="245"><subfield code="a">Four Wycliffite dialogues</subfield><subfield code="b">dialogue between Jon and Richard, Dialogue between a friar and a secular , dialogue between Reson and Gabbyng, daialogue between a clerk and a knight</subfield><subfield code="c">ed. by Fiona Somerset</subfield></datafield><datafield ind1=" " ind2="1" tag="264"><subfield code="a">Oxford</subfield><subfield code="b">Oxford University Press</subfield><subfield code="c">2009</subfield></datafield><datafield ind1=" " ind2=" " tag="300"><subfield code="a">LXXI, 151 p.</subfield><subfield code="b">ill.</subfield><subfield code="c">23 cm</subfield></datafield><datafield ind1=" " ind2=" " tag="336"><subfield code="b">txt</subfield><subfield code="2">rdacontent</subfield></datafield><datafield ind1=" " ind2=" " tag="337"><subfield code="b">n</subfield><subfield code="2">rdamedia</subfield></datafield><datafield ind1=" " ind2=" " tag="338"><subfield code="b">nc</subfield><subfield code="2">rdacarrier</subfield></datafield><datafield ind1="1" ind2=" " tag="490"><subfield code="a">Early English Text Society. Original series</subfield><subfield code="v">333</subfield></datafield><datafield ind1=" " ind2=" " tag="500"><subfield code="a">Text mittelengl., Einf. und Kommentar engl.</subfield></datafield><datafield ind1=" " ind2=" " tag="504"><subfield code="a">Bibliography: S. LXI-LXXI</subfield></datafield><datafield ind1="0" ind2="0" tag="505"><subfield code="t">Dialogue between a friar and a secular</subfield></datafield><datafield ind1="0" ind2="0" tag="505"><subfield code="t">Dialogue between reson and gabbyng</subfield></datafield><datafield ind1="0" ind2="0" tag="505"><subfield code="t">Dialogue between a clerk and a knight</subfield></datafield><datafield ind1="0" ind2="0" tag="505"><subfield code="t">Dialogue between Jon and Richard</subfield><subfield code="t">Dialogue between a Friar and a Secular</subfield><subfield code="t">Dialogue between Reson and Gabbyng</subfield><subfield code="t">Dialogue between a Clerk and a Knight</subfield></datafield><datafield ind1=" " ind2="7" tag="648"><subfield code="a">Geschichte 1300-1400</subfield><subfield code="2">idszbz</subfield></datafield><datafield ind1=" " ind2="7" tag="650"><subfield code="a">Literatur</subfield><subfield code="0">(DE-588)4035964-5</subfield><subfield code="2">gnd</subfield></datafield><datafield ind1=" " ind2="0" tag="650"><subfield code="a">Dialogues</subfield><subfield code="v">Early works to 1800</subfield></datafield><datafield ind1=" " ind2="7" tag="650"><subfield code="a">Wyclifiten</subfield><subfield code="2">idszbz</subfield></datafield><datafield ind1=" " ind2="7" tag="650"><subfield code="a">Lollarden</subfield><subfield code="2">idszbz</subfield></datafield><datafield ind1=" " ind2="7" tag="650"><subfield code="a">Dialog (Literaturgattung)</subfield><subfield code="2">idszbz</subfield></datafield><datafield ind1=" " ind2="7" tag="650"><subfield code="a">Mittelenglisch</subfield><subfield code="2">idszbz</subfield></datafield><datafield ind1=" " ind2="0" tag="650"><subfield code="a">Lollards</subfield></datafield><datafield ind1=" " ind2="0" tag="650"><subfield code="a">Christian literature, English (Middle)</subfield></datafield><datafield ind1=" " ind2="7" tag="650"><subfield code="a">Lollarden</subfield><subfield code="0">(DE-588)4168134-4</subfield><subfield code="2">gnd</subfield></datafield><datafield ind1=" " ind2="7" tag="650"><subfield code="a">Mittelenglisch</subfield><subfield code="0">(DE-588)4039676-9</subfield><subfield code="2">gnd</subfield></datafield><datafield ind1=" " ind2="7" tag="650"><subfield code="a">Wyclifiten</subfield><subfield code="0">(DE-588)4190346-8</subfield><subfield code="2">gnd</subfield></datafield><datafield ind1=" " ind2="7" tag="655"><subfield code="a">Ausgabe</subfield><subfield code="2">idszbz</subfield></datafield><datafield ind1=" " ind2="7" tag="655"><subfield code="a">Anthologie</subfield><subfield code="2">idszbz</subfield></datafield><datafield ind1=" " ind2="7" tag="655"><subfield code="a">Quelle</subfield><subfield code="2">gnd-content</subfield></datafield><datafield ind1="1" ind2=" " tag="700"><subfield code="a">Somerset, Fiona</subfield><subfield code="d">1967-</subfield><subfield code="0">(DE-588)1089825587</subfield><subfield code="6">880-02</subfield></datafield><datafield ind1="1" ind2=" " tag="880"><subfield code="6">700-02</subfield><subfield code="a">Somerset, Fiona</subfield><subfield code="d">19..-....</subfield><subfield code="0">(IDREF)066993687</subfield></datafield><datafield ind1="4" ind2=" " tag="856"><subfield code="3">Titelblatt und Inhaltsverzeichnis</subfield><subfield code="u">https://toc.library.ethz.ch/objects/pdf/z01_978-0-19-957848-1_01.pdf</subfield><subfield code="q">pdf</subfield></datafield><datafield ind1=" " ind2="0" tag="830"><subfield code="a">Original series</subfield><subfield code="v">333</subfield><subfield code="w">(NEBIS)000987596EBI01</subfield></datafield><datafield ind1=" " ind2=" " tag="900"><subfield code="a">IDSZ2zbzmon201001p</subfield><subfield code="c">IDSZ2baer</subfield><subfield code="d">IDSZ2zbzswk201002b</subfield><subfield code="e">IDSZ2schu</subfield></datafield><datafield ind1=" " ind2=" " tag="900"><subfield code="a">IDSZ2esmon201001l</subfield><subfield code="c">IDSZ2esch</subfield><subfield code="d">IDSZ2esswk201000k</subfield></datafield><datafield ind1=" " ind2=" " tag="949"><subfield code="a">https://toc.library.ethz.ch/objects/pdf/z01_978-0-19-957848-1_01.pdf</subfield></datafield></record>
</metadata></record>