<record><header><identifier>oai:alma.41SLSP_UGE:991000035979705502</identifier><datestamp>2024-05-17T02:52:29Z</datestamp><setSpec>uge_bcen_RapidILL_BOOK</setSpec><setSpec>uge_aaca_RapidILL_BOOK</setSpec><setSpec>uge_abels_RapidILL_BOOK</setSpec><setSpec>uge_dbu_RapidILL_BOOK</setSpec><setSpec>uge_cmu_RapidILL_BOOK</setSpec><setSpec>uge_mail_RapidILL_BOOK</setSpec><setSpec>uge_abbat_RapidILL_BOOK</setSpec><setSpec>UNIGE_ALL</setSpec><setSpec>uge_aobs_RapidILL_BOOK</setSpec><setSpec>uge_acar_RapidILL_BOOK</setSpec></header><metadata>
<record xmlns="http://www.loc.gov/MARC21/slim" xmlns:xsi="http://www.w3.org/2001/XMLSchema-instance" xsi:schemaLocation="http://www.loc.gov/MARC21/slim http://www.loc.gov/standards/marcxml/schema/MARC21slim.xsd"><leader>01677nam a2200481 c 4500</leader><controlfield tag="001">991000035979705502</controlfield><controlfield tag="005">20240206161601.0</controlfield><controlfield tag="008">201012s2012    it ||||| |||| 00| ||ita d</controlfield><datafield ind1=" " ind2=" " tag="020"><subfield code="a">9788806210557</subfield></datafield><datafield ind1=" " ind2=" " tag="020"><subfield code="a">8806210556</subfield></datafield><datafield ind1=" " ind2=" " tag="035"><subfield code="a">(swissbib)23922695X-41slsp_network</subfield></datafield><datafield ind1=" " ind2=" " tag="035"><subfield code="a">23922695X</subfield><subfield code="9">ExL</subfield></datafield><datafield ind1=" " ind2=" " tag="035"><subfield code="a">(RERO)R007049192-41slsp</subfield></datafield><datafield ind1=" " ind2=" " tag="035"><subfield code="a">(IDSBB)006179009DSV01</subfield></datafield><datafield ind1=" " ind2=" " tag="035"><subfield code="a">(OCoLC)813359820</subfield></datafield><datafield ind1=" " ind2=" " tag="035"><subfield code="a">(EXLNZ-41SLSP_NETWORK)991154922229705501</subfield></datafield><datafield ind1=" " ind2=" " tag="040"><subfield code="a">RERO geulit</subfield><subfield code="b">ger</subfield><subfield code="e">rda</subfield><subfield code="d">CH-ZuSLS</subfield></datafield><datafield ind1=" " ind2="7" tag="072"><subfield code="a">it</subfield><subfield code="2">rero</subfield></datafield><datafield ind1=" " ind2="7" tag="072"><subfield code="a">it</subfield><subfield code="2">SzZuIDS BS/BE</subfield></datafield><datafield ind1="0" ind2="4" tag="082"><subfield code="a">858</subfield></datafield><datafield ind1="0" ind2="4" tag="082"><subfield code="a">940.5318092</subfield></datafield><datafield ind1="0" ind2="4" tag="082"><subfield code="a">940.547</subfield></datafield><datafield ind1=" " ind2=" " tag="084"><subfield code="a">IV 17120</subfield><subfield code="2">rvk</subfield></datafield><datafield ind1=" " ind2=" " tag="084"><subfield code="a">IV 31880</subfield><subfield code="2">rvk</subfield></datafield><datafield ind1=" " ind2=" " tag="084"><subfield code="a">NQ 2350</subfield><subfield code="2">rvk</subfield></datafield><datafield ind1="1" ind2=" " tag="100"><subfield code="6">880-01</subfield><subfield code="a">Levi, Primo</subfield><subfield code="d">1919-1987</subfield><subfield code="0">(IDREF)029282810</subfield><subfield code="4">cre</subfield></datafield><datafield ind1="1" ind2=" " tag="880"><subfield code="a">Levi, Primo</subfield><subfield code="d">1919-1987</subfield><subfield code="6">100-01</subfield><subfield code="0">(DE-588)118572326</subfield><subfield code="4">aut</subfield></datafield><datafield ind1="1" ind2="0" tag="245"><subfield code="a">Se questo è un uomo</subfield><subfield code="c">Primo Levi ; edizione commentata a cura di Alberto Cavaglion ; indici a cura di Daniela Muraca</subfield></datafield><datafield ind1=" " ind2="1" tag="264"><subfield code="a">Torino</subfield><subfield code="b">Einaudi</subfield><subfield code="c">2012</subfield></datafield><datafield ind1=" " ind2=" " tag="300"><subfield code="a">XVI, 260 Seiten</subfield></datafield><datafield ind1=" " ind2=" " tag="336"><subfield code="b">txt</subfield><subfield code="2">rdacontent</subfield></datafield><datafield ind1=" " ind2=" " tag="337"><subfield code="b">n</subfield><subfield code="2">rdamedia</subfield></datafield><datafield ind1=" " ind2=" " tag="338"><subfield code="b">nc</subfield><subfield code="2">rdacarrier</subfield></datafield><datafield ind1="1" ind2="7" tag="600"><subfield code="a">Levi, Primo</subfield><subfield code="d">1919-1987</subfield><subfield code="0">(DE-588)118572326</subfield><subfield code="2">gnd</subfield></datafield><datafield ind1="2" ind2="7" tag="610"><subfield code="a">Konzentrationslager Auschwitz</subfield><subfield code="0">(DE-588)4003697-2</subfield><subfield code="2">gnd</subfield></datafield><datafield ind1=" " ind2="7" tag="648"><subfield code="a">Geschichte 1944-1945</subfield><subfield code="2">gnd</subfield></datafield><datafield ind1=" " ind2="7" tag="655"><subfield code="a">Autobiografie</subfield><subfield code="y">1944-1945</subfield><subfield code="2">gnd-content</subfield></datafield><datafield ind1=" " ind2="7" tag="655"><subfield code="a">Erlebnisbericht</subfield><subfield code="2">gnd-content</subfield></datafield><datafield ind1="1" ind2=" " tag="700"><subfield code="a">Muraca, Daniela</subfield><subfield code="0">(IDREF)127894578</subfield></datafield><datafield ind1="1" ind2=" " tag="700"><subfield code="6">880-03</subfield><subfield code="a">Cavaglion, Alberto</subfield><subfield code="d">1956-</subfield><subfield code="0">(DE-588)1028017383</subfield><subfield code="4">edt</subfield></datafield><datafield ind1="1" ind2=" " tag="880"><subfield code="6">700-03</subfield><subfield code="a">Cavaglion, Alberto</subfield><subfield code="d">1956-....</subfield><subfield code="0">(IDREF)028333292</subfield></datafield><datafield ind1=" " ind2=" " tag="900"><subfield code="a">REROnoselfmerge</subfield></datafield><datafield ind1=" " ind2=" " tag="900"><subfield code="a">IDSDSStoppsignal FRED</subfield></datafield><datafield ind1=" " ind2=" " tag="911"><subfield code="a">100</subfield><subfield code="a">Levi, Primo</subfield><subfield code="d">1919-1987</subfield></datafield><datafield ind1=" " ind2=" " tag="993"><subfield code="a">BFLA 234866</subfield><subfield code="x">ge/ulit/a/12/99</subfield><subfield code="9">LOCAL</subfield></datafield></record>
</metadata></record>