<record><header><identifier>oai:alma.41SLSP_UGE:991000036699705502</identifier><datestamp>2023-03-01T01:08:53Z</datestamp><setSpec>uge_bcen_RapidILL_BOOK</setSpec><setSpec>uge_aaca_RapidILL_BOOK</setSpec><setSpec>uge_abels_RapidILL_BOOK</setSpec><setSpec>uge_dbu_RapidILL_BOOK</setSpec><setSpec>uge_cmu_RapidILL_BOOK</setSpec><setSpec>uge_mail_RapidILL_BOOK</setSpec><setSpec>UNIGE_ALL</setSpec><setSpec>uge_abbat_RapidILL_BOOK</setSpec><setSpec>uge_aobs_RapidILL_BOOK</setSpec><setSpec>uge_acar_RapidILL_BOOK</setSpec></header><metadata>
<record xmlns="http://www.loc.gov/MARC21/slim" xmlns:xsi="http://www.w3.org/2001/XMLSchema-instance" xsi:schemaLocation="http://www.loc.gov/MARC21/slim http://www.loc.gov/standards/marcxml/schema/MARC21slim.xsd"><leader>04150nam a2200349 c 4500</leader><controlfield tag="001">991000036699705502</controlfield><controlfield tag="005">20201230233130.0</controlfield><controlfield tag="008">201011s2005    sz ||||| |||| 00| ||fre d</controlfield><datafield ind1=" " ind2=" " tag="020"><subfield code="a">2882411618</subfield></datafield><datafield ind1="7" ind2=" " tag="024"><subfield code="a">http://catalogue.bnf.fr/ark:/12148/cb40155609n</subfield><subfield code="2">uri</subfield></datafield><datafield ind1=" " ind2=" " tag="035"><subfield code="a">(swissbib)22105653X-41slsp_network</subfield></datafield><datafield ind1=" " ind2=" " tag="035"><subfield code="a">22105653X</subfield><subfield code="9">ExL</subfield></datafield><datafield ind1=" " ind2=" " tag="035"><subfield code="a">(RERO)R003955355-41slsp</subfield></datafield><datafield ind1=" " ind2=" " tag="035"><subfield code="a">(IDSBB)003868050DSV01</subfield></datafield><datafield ind1=" " ind2=" " tag="035"><subfield code="a">(NEBIS)006809753EBI01</subfield></datafield><datafield ind1=" " ind2=" " tag="035"><subfield code="a">(EXLNZ-41SLSP_NETWORK)991150777209705501</subfield></datafield><datafield ind1=" " ind2=" " tag="040"><subfield code="a">RERO nebpup</subfield><subfield code="d">CH-ZuSLS</subfield></datafield><datafield ind1=" " ind2=" " tag="044"><subfield code="a">sz</subfield><subfield code="c">ch-vd</subfield></datafield><datafield ind1=" " ind2="7" tag="072"><subfield code="a">fr</subfield><subfield code="2">rero</subfield></datafield><datafield ind1=" " ind2="7" tag="072"><subfield code="a">fl</subfield><subfield code="2">SzZuIDS BS/BE</subfield></datafield><datafield ind1="1" ind2="4" tag="082"><subfield code="a">840</subfield><subfield code="2">15</subfield></datafield><datafield ind1="1" ind2=" " tag="100"><subfield code="a">Chatelain, Sylviane</subfield><subfield code="d">1950-</subfield><subfield code="0">(DE-588)120556022</subfield><subfield code="6">880-01</subfield></datafield><datafield ind1="1" ind2=" " tag="880"><subfield code="6">100-01</subfield><subfield code="a">Chatelain, Sylviane</subfield><subfield code="d">1950-....</subfield><subfield code="0">(IDREF)02882010X</subfield><subfield code="4">cre</subfield></datafield><datafield ind1="1" ind2="0" tag="245"><subfield code="a">&lt;&lt;Une&gt;&gt; main sur votre épaule</subfield><subfield code="c">Sylviane Chatelain</subfield></datafield><datafield ind1=" " ind2="1" tag="264"><subfield code="a">Orbe</subfield><subfield code="b">B. Campiche</subfield><subfield code="c">2005</subfield></datafield><datafield ind1=" " ind2=" " tag="300"><subfield code="a">139 p.</subfield><subfield code="c">22 cm</subfield></datafield><datafield ind1=" " ind2=" " tag="336"><subfield code="b">txt</subfield><subfield code="2">rdacontent</subfield></datafield><datafield ind1=" " ind2=" " tag="337"><subfield code="b">n</subfield><subfield code="2">rdamedia</subfield></datafield><datafield ind1=" " ind2=" " tag="338"><subfield code="b">nc</subfield><subfield code="2">rdacarrier</subfield></datafield><datafield ind1=" " ind2=" " tag="500"><subfield code="a">Sélection 2006 Lettres frontières</subfield></datafield><datafield ind1="8" ind2=" " tag="520"><subfield code="a">Je rêve quelquefois qu'une femme entre. Elle marche dans le petit bois, franchit le ruisseau. Je l'observe de loin. Elle ne peut pas me voir. J'attends que le gravier roule sous ses pas. Alors seulement je me montre, j'avance à sa rencontre. Elle répond par un sourire à mon salut. Nous marchons l'un à côté de l'autre, sa main se pose sur mon épaule, me pousse en avant. Alors tout s'obscurcit et disparaissent la maison, le parc et le mur. Mais nous marchons encore, moi, aveugle, guidé par sa main refermée sur mon épaule, une main froide et dure, ou amicale, je me le demande. Et de nouveau s'acharneront sur elle le vent et la pluie. Les maisons ne sont pas faites pour durer toujours. Elles se lassent de nous voir vieillir et mourir. Elle attend, elle aussi, elle est prête à laisser se disperser ses tuiles, se briser ses fenêtres. Déjà je vois les arbres se pencher sur elle, je sens leurs racines gagner du terrain. Ils s'enrouleront autour d'elle, la tiendront fermement serrée entre leurs bras. La fenêtre de la cuisine reste toujours entrouverte. La chatte entre et sort, elle est partout chez elle, mais le seul endroit où je l'ai vue dormir, sans crainte, profondément, c'est à l'intérieur de la tour. Quand elle se réveille, elle fait sa toilette, ensuite elle saute sur le rebord de la fenêtre. Elle reste là longtemps, les yeux fixés sur l'allée et la grille. Je m'approche lentement pour ne pas l'effrayer, je me tiens debout derrière elle, l'allée, la grille entre les branches nues ou les feuilles vertes comme ses yeux, rousses comme sa fourrure, les saisons passent, j'ignore ce qu'elle espère, rien sans doute, elle est capable de se contenter de chaque instant, j'avance encore, je me penche sur ses yeux grands ouverts, il arrive qu'elle se tourne vers moi, que nos regards se croisent, mais elle se dérobe, d'un bond souple elle s'échappe, fuit en quelques foulées silencieuses. Je reste seul. Je sais qu'elle va revenir. Les branches se balancent, frôlent les vitres, distraitement, du bout des doigts. Quel est l'objet de mon désir? J'entends le rire de la rivière me répondre, les mains du pianiste se soulèvent, son buste s'incline, son visage s'éclaire, elles se posent sur les touches, leurs reflets dansent dans le bois du piano, les questions sont inutiles, la joie brûle les mots sur les lèvres. Variations sur quelques thèmes, l'art, la solitude, la mort, les textes qui composent Une main sur votre épaule ont tous pour cadre le même lieu, la même maison. Les personnages de l'un se croisent dans un autre. Chacun contient en germe le suivant. Ni recueil de nouvelles ni roman, ou alors lacunaire, ce livre se présente comme un puzzle à assembler de différentes manières, les pièces manquantes étant offertes à l'imagination du lecteur. Une fois de plus, Sylviane Chatelain frappe par la haute exigence - alliée à une sensibilité poétique rare - de son écriture, qui fait que son audience ne cesse de s'amplifier au fil des parutions.</subfield><subfield code="5">RERO/vdbstl/12.2011</subfield></datafield><datafield ind1=" " ind2=" " tag="900"><subfield code="a">REROnoselfmerge</subfield></datafield><datafield ind1=" " ind2=" " tag="900"><subfield code="a">IDSZ2mugmon201401l</subfield><subfield code="c">IDSZ2morg</subfield></datafield></record>
</metadata></record>